3354 5204
691 221 899 319 ..27-

231 409 436 492 vocabulum,
464 408 669 493 quantumvis
697 407 830 470 diversis
853 407 1142 492 significationibus
1164 431 1257 492 saepe
1280 409 1368 474 adhi-

232 510 344 593 bitum,
367 513 475 575 tamen
497 532 665 594 nunquam
687 508 851 572 invenitur
866 507 986 572 dietum
1002 509 1040 572 de
1057 510 1189 574 materia
1203 509 1368 574 litteraria.

234 611 389 696 Tandem,
423 612 529 676 denuo
558 609 757 676 considerato
785 609 846 674 hoe
873 609 944 673 loeo
973 607 1172 694 Phaedrique
1205 612 1305 695 ipsius
1338 614 1370 674 et

232 713 368 778 aliorum
391 713 584 796 scriptorum
606 711 696 775 libris
717 711 951 796 pervestigatis,
973 711 1118 776 intellexi
1139 712 1369 777 nihilomnino

231 813 266 878 in
293 813 413 878 tradita
439 813 578 879 lectione
605 835 673 878 esse
707 813 909 898 culpandum.
957 812 1021 903 Pro
1051 836 1114 898 qua
1141 815 1281 900 primum
1311 817 1375 878 stat

234 914 415 998 exemplum
442 921 483 979 'ex
510 917 587 1000 ipsis
609 915 747 980 Phaedri
774 913 891 980 fabulis
917 916 1070 1000 petitum,
1094 917 1180 1000 quod
1201 916 1301 980 miror
1323 913 1376 979 ad-

235 1013 365 1080 modum
386 1015 507 1101 fugisse
523 1015 716 1102 Bentleium,
739 1021 861 1082 eeteros
883 1016 1005 1102 fugisse
1027 1017 1134 1082 minus
1149 1017 1258 1082 miror.
1292 1015 1376 1081 Nam

237 1115 286 1182 IV
307 1117 389 1203 prol.
414 1119 540 1182 10-14
560 1119 713 1204 leguntur
734 1120 826 1202 haee:

474 1254 569 1306 quare,
587 1237 738 1304 Particulo,
757 1237 892 1304 quoniam
910 1237 1019 1307 caperis
1037 1237 1140 1292 fabulis

473 1323 553 1390 (quas
571 1321 714 1391 Aesopias,
733 1338 789 1376 non
807 1322 919 1391 Aesopi,
938 1323 1062 1388 nomino,

473 1405 541 1474 quia
557 1423 662 1475 paucas
679 1407 728 1460 ille
747 1405 877 1472 ostendit,
897 1423 950 1476 ego
968 1407 1063 1477 plures
1080 1406 1149 1469 lero,

472 1508 538 1544 usus
555 1492 667 1545 vetusto
686 1507 799 1561 genere,
818 1489 867 1544 sed
886 1491 969 1545 rebus
987 1492 1087 1559 novis),

473 1577 605 1644 quartum
623 1575 760 1642 libellum,
779 1571 842 1629 eum
862 1574 977 1641 vacarit,
996 1575 1135 1644 perleges.

321 1679 467 1761 Apparet
488 1677 649 1741 simillime
671 1677 734 1741 hoo
756 1677 827 1741 loco
851 1676 912 1741 diei
933 1699 1031 1761 peaes
1052 1699 1111 1760 pro
1129 1698 1239 1759 penore
1261 1678 1379 1758 littera-

236 1801 323 1860 rara,
351 1781 435 1860 qaod
460 1780 602 1861 Aesopus
629 1780 766 1858 invenit·
797 1801 857 1844 nee
891 1780 978 1844 enim
1010 1779 1104 1843 faoile
1138 1779 1307 1862 quisquam
1341 1799 1380 1842 ex

169 1921 174 1926 -
236 1880 499 1962 praecedentibus
521 1880 683 1964 supplebit
702 1881 900 1962 fabularum.
938 1881 1046 1964 Atque
1062 1880 1140 1944 adeo
1161 1878 1245 1943 idem
1269 1884 1380 1943 auctor
1443 1935 1446 1940 .

235 1981 333 2062 paulo
357 1984 431 2045 ante
455 1982 498 2064 (v.
511 1981 544 2067 8)
568 1983 698 2046 colorem
720 1981 802 2046 dixit
822 2003 881 2066 pro
897 1983 996 2048 colore
1009 1982 1175 2047 scribendi.
1209 1980 1379 2044 Praeterea
1463 1987 1469 1996 ¹

236 2084 333 2163 poeta
355 2081 496 2165 aequalis
518 2081 663 2146 Phaedro
687 2081 820 2146 Ovidius
841 2083 941 2148 lbidis
963 2105 1013 2147 vv.
1037 2083 1088 2165 57,
1110 2083 1151 2146 58
1174 2081 1255 2146 dixit
1277 2082 1336 2146 ita:

438 2217 526 2285 utque
544 2217 602 2282 ille,
621 2217 744 2271 historiis
762 2217 904 2272 involvam
923 2216 1047 2271 earmina
1064 2216 1164 2282 caeeis,

438 2317 494 2355 non
513 2301 620 2355 soleam
638 2303 767 2370 quamvis
785 2301 838 2356 hoe
856 2318 944 2371 genus
962 2302 1023 2370 ipse
1041 2301 1129 2369 sequi.

320 2419 428 2484 Etiam
448 2419 502 2485 hie
524 2423 646 2485 eertum
669 2424 717 2485 est
737 2441 836 2505 peaes
862 2420 942 2506 poni
964 2442 1023 2504 pro
1044 2441 1154 2503 penore
1174 2421 1273 2485 stadia·
1301 2421 1378 2486 litte-

236 2544 329 2587 rora.
370 2557 373 2563 ,

322 2621 470 2706 Denique
500 2622 626 2686 saeculo
648 2622 697 2687 lV
725 2623 759 2686 in
787 2623 924 2707 epistula
946 2623 1153 2688 Constantini
1176 2623 1379 2706 imperatoris

240 2723 280 2786 ad
312 2722 528 2808 Porphyrium
561 2726 689 2807 poetam
720 2728 749 2806 ξ.
781 2724 801 2788 8
833 2723 912 2788 haee
946 2724 1114 2810 leguntur:
1147 2725 1224 2789 tiber
1249 2725 1407 2789 adsidue

237 2845 346 2889 clareas
378 2826 555 2890 oratoribus
578 2826 660 2907 fait·
673 2837 743 2890 ”eos
764 2847 850 2903 vere,
873 2828 929 2907 qai
950 2826 1090 2890 uersibus
1111 2826 1259 2905 dicerent,
1289 2827 1380 2890 certis

236 2926 354 3009 Jtaibas
375 2927 424 2991 lex
445 2929 551 2992 metris
572 2931 693 2992 statuta
715 2929 883 2992 continuit:
915 2949 1014 3010 poure
1040 2947 1105 2992 aaa
1131 2929 1277 2992 inmerito
1300 2927 1380 2992 iliad

236 3048 312 3092 risam
345 3029 477 3106 lauerat,
512 3034 549 3093 at
574 3029 629 3093 too
659 3049 769 3111 qaaere
797 3029 929 3094 dicturis
956 3030 1117 3095 Heliconis
1150 3033 1208 3092 aut
1235 3027 1380 3092 Parnasi

236 3149 330 3192 soora
345 3134 535 3211 peterentur,
558 3150 627 3194 eam
650 3130 794 3194 mortalis
808 3131 929 3211 iapear'a'
950 3131 1106 3213 deficiente
1126 3130 1304 3194 selbstoatia
1325 3149 1378 3193 ae-

237 3230 375 3304 oessaria
397 3231 576 3295 uiderentur
598 3231 723 3295 auxilia
745 3231 875 3309 dietam
896 3231 931 3293 in
953 3231 1069 3313 quibus
1092 3230 1188 3294 etiam
1207 3250 1306 3314 peaes
1328 3249 1378 3293 eo·

201 3334 205 3341 ’
237 3331 318 3414 dem,
342 3353 405 3414 quo
420 3331 511 3415 'apud
535 3331 716 3395 Phaedrum
739 3335 771 3395 et
793 3329 953 3415 Ovidium,
977 3353 1072 3396 sensu
1095 3336 1143 3396 est
1164 3331 1315 3414 positum.

321 3431 380 3516 ΠΙ,
406 3435 435 3520 1,
455 3433 543 3516 2,*3,
566 3431 702 3516 append.
728 3433 776 3510 19,
802 3434 834 3496 l:

439 3566 531 3622 adhue
548 3565 668 3650 Falerna
685 3568 762 3621 faece
782 3568 811 3621 et
828 3569 902 3622 testa
917 3568 1007 3621 nobili

439 3651 554 3704 odorem
572 3667 643 3718 quae
662 3651 814 3706 iocundum
831 3651 889 3706 late
908 3654 1063 3721 spargeret.

440 3751 544 3803 equum
562 3736 592 3788 et
609 3735 775 3806 quadrigam
794 3736 889 3789 multis
906 3736 1007 3805 palmis
1024 3735 1156 3789 nobilem.

321 3853 483 3938 Scripsere
505 3853 652 3918 homines
675 3853 759 3919 docti
784 3860 908 3935 ateste,
932 3877 948 3919 e
969 3857 1144 3937 quadripa;
1167 3855 1221 3919 sed
1244 3856 1379 3921 debebat

236 3957 314 4038 poni
337 3979 386 4036 aa·
412 3977 494 4040 quae
515 3955 763 4040 praepositionis
785 3956 904 4040 forma,
927 3956 1114 4040 plerumque
1139 3979 1158 4021 a
1182 3956 1321 4022 librariis
1344 3957 1378 4021 in

236 4061 264 4121 et
285 4062 444 4142 corrupta,
468 4056 564 4142 etiam
587 4057 784 4122 restituenda
807 4061 855 4122 est
876 4056 934 4141 IV,
959 4059 988 4142 5,
1011 4058 1062 4121 47.

320 4157 367 4221 IV
444 4208 451 4223 .

322 4208 378 4323 Ne,
394 4158 481 4323 rideo
504 4260 631 4344 quidem
654 4260 799 4344 poenitet
820 4262 906 4344 quod
929 4259 1144 4345 Bongarsium
1167 4259 1309 4344 aliosque
1332 4284 1378 4325 se-

243 4363 335 4428 cutus
365 4359 476 4429 doctos
503 4383 652 4428 versuum
680 4362 776 4430 huius
803 4361 931 4430 fabulae
957 4361 1055 4428 talem
1076 4362 1203 4429 institui
1225 4361 1378 4450 ordinem,
