3354 5204
709 313 916 375 -13-

236 471 285 531 est
308 465 444 531 Phaedri
467 489 561 550 quam
589 466 639 530 lac
666 465 772 547 lactis,
801 485 994 546 quamquam
1023 461 1107 527 haud
1135 485 1208 528 raro
1230 463 1294 528 fuit
1314 467 1377 527 tur·

237 570 310 632 bata
334 568 456 632 eteius
479 568 583 651 culpa,
607 568 662 650 qui
685 566 857 647 scripserat
879 564 1029 646 codicem,
1053 564 1136 628 unde
1151 563 1302 629 Perottus
1321 587 1379 628 sua
1472 636 1474 644 Ι

237 671 409 752 excerpsit,
438 674 470 733 et
492 669 595 753 magis
617 667 717 749 ipsius
739 665 878 748 Perotti,
907 665 1047 729 hominis
1069 667 1219 729 metricae
1241 664 1378 730 Phaedri

236 770 439 853 ignarissimi.
486 765 584 834 Ouios
615 768 662 832 rei
694 767 727 830 in
760 767 940 848 exemplum
970 767 1130 849 (quamvis
1158 766 1211 830 vix
1234 789 1314 849 opus
1337 767 1379 829 sit

237 870 398 955 exemplo)
431 869 570 933 sufficiet
602 868 779 932 adscribere
812 868 940 931 initium
974 868 1100 952 prologi
1129 890 1149 930 a
1175 868 1308 931 Perotto
1338 867 1377 930 ad

238 971 397 1054 Pyrrhum
419 974 570 1053 nepotem
592 969 676 1033 dati:

456 1121 512 1158 non
531 1107 597 1158 sunt
613 1105 643 1156 hi
660 1104 729 1170 mei,
749 1120 818 1171 quos
835 1107 930 1172 putas,
949 1104 1094 1168 versiculi;

456 1188 505 1240 sed
523 1189 627 1256 Aesopi
645 1191 724 1254 sunt,
742 1188 844 1240 Avieni
863 1188 892 1240 et
909 1188 1044 1251 Phaedri;

458 1287 527 1340 quos
546 1273 661 1341 collegi,
679 1273 712 1325 ut
730 1273 834 1337 essent,
854 1271 975 1340 Pyrrhe,
994 1271 1075 1332 utiles
1092 1271 1154 1338 tibi,

456 1359 561 1424 tuaque
580 1371 663 1409 causa
680 1355 789 1424 legeret
805 1356 954 1424 posteritas

458 1456 528 1508 quas
547 1440 701 1493 edidissent
719 1439 774 1494 viri
791 1440 868 1492 docti
884 1439 1002 1494 fabulas.

322 1575 385 1642 Sed
408 1581 445 1641 ut
460 1580 545 1641 recte
561 1577 599 1640 de
614 1577 747 1639 metrica
762 1575 877 1639 harum
892 1574 1072 1640 fabularum
1087 1576 1254 1659 iudicetur,
1278 1599 1380 1641 meam

240 1679 371 1742 omnino
396 1679 569 1741 editionem
592 1676 736 1742 adhiberi
757 1680 893 1760 oportet,
917 1699 988 1741 cum
1011 1678 1045 1741 in
1067 1678 1228 1760 prioribus
1251 1678 1380 1760 plurimi

239 1779 385 1862 idemque
408 1779 588 1862 gravissimi
612 1781 781 1842 occurrant
804 1799 940 1860 errores,
964 1801 1024 1842 nec
1040 1780 1126 1842 enim
1142 1778 1308 1842 Bentleius
1330 1779 1380 1841 his

238 1880 365 1962 fabulis,
388 1903 467 1963 quas
490 1879 632 1943 nondum
655 1881 799 1962 noverat,
822 1878 933 1942 auxilii
956 1879 1129 1962 quidquam
1152 1880 1272 1947 attulit.

323 1981 382 2045 His
404 1982 499 2044 rebus
522 1981 670 2044 omnibus
692 1981 858 2063 perpensis
886 1979 1025 2062 primum
1048 1979 1177 2062 quidem
1199 1980 1311 2063 procul
1334 2002 1380 2043 re-

238 2083 437 2146 movebimus
461 2081 674 2164 suspicionem
697 2082 795 2163 illam,
819 2103 882 2164 qua
902 2080 987 2145 ducti
1002 2081 1152 2144 nonnulli
1168 2080 1378 2163 crediderunt,

238 2184 320 2246 hanc
344 2183 551 2267 appendicem
580 2187 636 2246 aut
664 2182 703 2245 ab
731 2182 802 2264 ipso
825 2181 957 2246 Perotto
987 2185 1043 2246 aut
1064 2183 1169 2246 medio
1192 2186 1277 2247 certe
1300 2205 1379 2247 aevo

238 2305 306 2347 esse
329 2286 555 2366 conscriptam.
600 2281 704 2348 Nemo
730 2283 816 2346 enim
838 2283 902 2346 illis
925 2283 1123 2366 temporibus
1146 2283 1295 2347 dictionis
1317 2305 1381 2346 me-

237 2390 423 2468 trorumque
461 2386 653 2470 elegantiam
688 2405 724 2448 ac
758 2385 991 2464 sinceritatem,
1030 2392 1126 2467 quahr
1162 2383 1280 2447 fabulis
1316 2384 1380 2447 illis

238 2486 346 2549 adesse
369 2486 514 2568 vidimus,
539 2487 645 2569 potuit
667 2507 812 2568 aequare.
849 2484 963 2568 Neque
986 2485 1088 2569 magis
1110 2485 1185 2549 licet
1207 2506 1260 2548 eas
1282 2485 1380 2548 tribui

130 2637 134 2645 .
238 2586 359 2650 ultimis
383 2587 585 2670 antiquitatis
608 2585 753 2669 saeculis,
776 2590 813 2650 ut
828 2591 961 2670 apparet
976 2587 1129 2670 exemplis
1144 2586 1282 2652 Ausonii
1304 2587 1381 2650 alio·

238 2709 372 2769 rumque
395 2692 572 2769 po'e'tarum,
596 2688 651 2769 qm
666 2691 770 2751 aetate
785 2687 842 2750 illa
857 2687 1116 2770 conscripserunt
1131 2687 1255 2752 iambos
1271 2685 1380 2750 eadem

238 2788 352 2870 podica
381 2788 544 2869 libertate,
578 2809 641 2870 qua
668 2787 821 2869 Phaedri,
857 2789 1011 2872 insignes.
1058 2785 1178 2862 Quodsi
1207 2788 1380 2852 Frontonis

118 2909 121 2914 ·
237 2895 381 2972 ternpore
415 2894 470 2953 aut
505 2910 585 2952 saec.
615 2887 664 2952 ΙΙΙ
694 2892 801 2952 essent
832 2890 1046 2972 conscriptae,
1081 2890 1237 2953 haberent
1269 2889 1380 2970 utiquc

241 2989 434 3054 archaismos
457 2991 628 3075 quosdam,
651 2991 767 3073 quibus
789 2991 883 3073 plane
905 2994 1023 3055 carent.

322 3091 450 3174 Restat,
484 3096 521 3156 ut
550 3095 728 3156 statuamus
756 3113 808 3154 eas
836 3091 953 3156 saecl
981 3095 1037 3155 aut
1065 3094 1105 3155 ab
1134 3092 1205 3175 ipso
1234 3092 1379 3156 Phaedro

239 3197 295 3255 aut
316 3215 335 3256 a
356 3195 514 3256 sectatore
537 3191 604 3256 eius
627 3193 828 3275 compositas.
874 3190 995 3266 Quodsi
1025 3193 1065 3254 ab
1088 3191 1280 3256 admiratore
1303 3213 1380 3274 quo·

238 3295 308 3356 dam
333 3294 401 3357 eius
417 3299 448 3358 et
463 3292 588 3357 aemulo
611 3292 774 3376 profectae
796 3293 870 3376 sint,
894 3291 1063 3357 dicendum
1086 3293 1147 3356 erit
1170 3293 1281 3358 eodem
1304 3315 1377 3357 casu

239 3393 375 3458 Phaedri
407 3394 524 3458 fabulis
554 3416 607 3458 eas
639 3393 777 3477 additas,
812 3416 875 3477 quo
905 3393 1047 3479 syllogae
1077 3393 1245 3458 heroidum
1274 3393 1380 3458 Ovidii

238 3496 323 3559 haud
344 3518 463 3578 paucae
487 3499 563 3560 sunt
584 3495 752 3578 admixtae,
776 3491 854 3579 quas
871 3497 1011 3581 Augusti
1027 3496 1077 3559 vel
1093 3495 1213 3560 Tiberii
1235 3501 1380 3578 tempore

166 3619 168 3624 ·
239 3596 278 3657 ab
302 3594 408 3660 Ovidii
436 3596 652 3661 imitatoribus
681 3597 874 3680 compositas
903 3618 971 3659 esse
1000 3600 1135 3665 constat.
1180 3596 1245 3662 Vix
1272 3600 1380 3660 tamen

239 3695 332 3760 credo
355 3718 422 3760 rem
445 3697 490 3759 ita
512 3719 544 3760 se
566 3697 693 3779 habere,
717 3698 870 3780 quoniam
885 3697 1059 3780 Phaedrus,
1083 3700 1120 3760 ut
1140 3698 1209 3782 ipse
1225 3698 1379 3781 queritur,

239 3797 346 3878 plures
370 3798 598 3861 obtrectatores
621 3819 716 3879 quam
737 3797 946 3863 admiratores
968 3799 1093 3862 invenit
1114 3801 1199 3863 inter
1220 3798 1378 3882 aequales.

239 3897 352 3982 Neque
375 3900 431 3962 aut
453 3896 574 3962 Seneca
596 3901 652 3961 aut
674 3894 892 3971 Quintilianus
916 3899 1004 3983 (dial.
1026 3899 1088 3983 XI,
1111 3900 1146 3983 8,
1169 3902 1205 3982 33
1234 3899 1308 3962 inst.
1332 3920 1377 3963 or.

239 3998 280 4078 V,
299 4004 347 4082 ll,
366 4000 405 4063 19
417 4003 511 4083 sqq),
534 4000 591 4062 ubi
612 3999 650 4062 de
672 3998 790 4062 fabulis
806 4003 907 4084 agunt
922 4003 1087 4084 Aesopeis,
1112 4001 1178 4064 eius
1201 4001 1381 4064 iniecerunt

239 4100 443 4165 mentionem.
487 4100 599 4183 ltaque
627 4101 704 4164 satis
733 4106 818 4164 certo
845 4103 965 4183 poterit
995 4101 1149 4165 affirmari
1171 4100 1379 4184 appendicem

239 4200 420 4264 fabularum
435 4201 571 4266 Phaedri
587 4200 687 4284 ipsius'
704 4223 771 4265 esse
786 4201 938 4286 Phaedri3
955 4207 987 4267 et
1002 4202 1080 4266 adeo
1096 4203 1130 4265 in
1146 4202 1205 4265 hac
1220 4202 1379 4264 sententia

239 4301 512 4385 acquiescendum.
544 4301 612 4366 Nec
627 4301 850 4366 Lachmannus
866 4303 991 4367 videtur
1013 4303 1173 4367 dubitasse
1196 4303 1234 4366 de
1250 4305 1379 4366 auctore

240 4402 306 4464 eius
329 4402 489 4486 Phaedro,
523 4403 563 4466 cf.
588 4423 669 4486 quae
699 4403 826 4486 scripsit
853 4426 966 4468 cornui.
990 4404 1082 4468 Lucr.
1107 4425 1181 4488 pgg.
1208 4403 1283 4486 ¹963
1306 4404 1378 4469 227.
