3354 5204
759 281 1004 346 222-

331 436 472 520 pondere
495 436 609 500 cecidit
630 439 663 500 et
678 435 851 520 exspiravit
865 435 970 499 media
985 434 1143 518 collapsus
1159 434 1219 499 via.
1242 439 1311 498 tum
1327 435 1471 499 volucres

332 537 538 601 advenientes
565 538 605 601 ad
633 538 783 620 praedam
811 536 986 601 convolant
1014 535 1171 617 dicentes:
1209 535 1236 599 si
1269 539 1300 600 te
1328 536 1471 619 precanti

332 638 442 702 mitem
479 638 677 704 exhibuisses
710 639 801 721 bovi,
834 660 901 702 non
934 637 999 701 iam
1033 638 1205 702 immaturo
1242 658 1301 702 nos
1338 637 1472 702 interitu

330 760 477 824 pasceres
498 743 565 805 tuo.

873 906 932 973 ΠΙ,

419 1045 518 1112 Culex
541 1066 613 1110 curn
640 1049 767 1110 taurum
789 1048 994 1128 provocasset
1015 1045 1150 1129 viribus,
1180 1049 1339 1110 venerunt
1360 1045 1472 1129 populi

333 1147 449 1231 cuncti,
472 1151 509 1212 ut
530 1145 711 1231 spectacula
733 1149 910 1210 cernerent.
946 1148 1022 1210 tunc
1043 1168 1162 1231 parvus
1184 1147 1290 1212 culex:
1314 1147 1400 1224 satis,
1425 1147 1473 1210 in·

333 1251 412 1334 quit,
433 1249 548 1333 habeo,
570 1249 657 1333 quod
679 1247 796 1312 venisti
819 1247 1008 1312 comminus.
1045 1269 1104 1332 par
1124 1247 1185 1313 tibi
1205 1248 1310 1314 iactus
1332 1249 1471 1313 111111-

335 1351 418 1415 dicio
440 1353 508 1414 tuo·
546 1349 599 1414 hio
621 1371 655 1414 se
676 1370 735 1434 per
756 1371 849 1413 auras
871 1348 1002 1414 sustulit
1022 1370 1129 1433 penna
1150 1349 1223 1434 levi,
1245 1350 1385 1434 lusitque
1406 1353 1473 1414 tur-

333 1454 409 1517 bam
431 1455 464 1516 et
484 1451 569 1516 tauri
592 1451 737 1515 dest'tuit
759 1451 874 1516 minas.
904 1449 989 1534 quod
1012 1451 1174 1516 siluisset
1195 1451 1320 1516 validae
1341 1452 1474 1516 cervicis

334 1575 466 1637 memor,
493 1551 679 1637 pudendum
707 1556 942 1636 contempserat
968 1552 1131 1616 inimicum
1157 1557 1189 1618 et
1210 1552 1320 1638 inepta
1341 1554 1476 1618 materia

333 1678 401 1721 non
419 1656 534 1720 fuisset
554 1653 751 1739 gloriationi.
769 1691 806 1701 -
831 1652 913 1728 Quia
934 1653 989 1718 1111
1010 1653 1129 1719 famam
1151 1654 1212 1718 sibi
1235 1654 1396 1739 diminuit,
1419 1654 1474 1739 qui
1516 1679 1522 1688 ¹

334 1780 368 1824 se
391 1757 533 1843 indignis
555 1758 729 1840 comparat.

418 1857 609 1923 Editionum
641 1857 779 1922 Phaedri
811 1878 962 1920 numerus
999 1879 1072 1922 cum
1107 1879 1208 1942 prope
1244 1858 1287 1922 sit
1319 1857 1474 1939 infinitus,

335 1965 459 2044 tamen,
489 1962 526 2023 ut
547 1959 599 2037 fit,
628 1980 709 2042 quae
738 1958 892 2023 momenti
924 1959 989 2023 sint
1017 1959 1174 2044 gravioris
1197 1959 1237 2022 ad
1261 1960 1474 2025 emendandas

334 2063 388 2127 vel
410 2059 613 2144 explicandas
636 2060 703 2124 eius
726 2059 860 2144 fabulas,
883 2060 960 2124 satis
982 2063 1110 2125 exstant
1131 2082 1260 2144 paucae.
1309 2059 1393 2125 Nam
1415 2061 1475 2125 etsi

335 2162 504 2246 Pithoeus,
526 2160 702 2246 Rigaltius,
726 2159 849 2226 Gudius
871 2161 972 2227 multa
994 2163 1073 2227 vitia
1094 2164 1129 2227 in
1151 2163 1196 2227 eis
1218 2162 1352 2228 latentia
1374 2166 1476 2227 sustu·

334 2266 453 2348 lerunt,
475 2285 536 2328 nec
558 2263 664 2327 minus
686 2260 841 2328 Nicolaus
862 2261 1025 2348 Heinsius,
1048 2264 1232 2328 criticorum
1253 2265 1359 2350 gentis
1382 2263 1476 2328 Bata·

337 2389 394 2431 vae
431 2365 525 2429 facile
562 2364 730 2449 princeps,
773 2368 883 2429 tamen
920 2387 1031 2430 omnes
1067 2366 1264 2431 accuratiore
1300 2369 1475 2430 metrorum

335 2465 474 2533 Phaedri
506 2466 622 2549 peritia
654 2464 925 2550 destituebantur,
958 2469 995 2530 ut
1021 2467 1138 2532 vitiosa
1164 2467 1249 2532 haud
1276 2488 1379 2551 pauca
1409 2488 1476 2531 non

338 2567 675 2649 modo-relinquerent
697 2567 765 2631 eius
787 2567 940 2653 versibus,
963 2569 1019 2633 sed
1040 2569 1119 2633 adeo
1141 2568 1308 2634 inferrent.

422 2667 547 2733 Horum
569 2668 737 2732 conatibus
759 2668 930 2753 caliginem
952 2669 1079 2734 induxit
1100 2668 1279 2735 Richardus
1301 2671 1477 2756 Bentleius,

337 2771 392 2855 qui
415 2771 554 2855 primum
569 2792 655 2834 anno
673 2769 754 2834 1726
776 2770 810 2834 in
834 2770 1010 2854 appendice
1025 2771 1167 2836 Terentii
1183 2771 1282 2838 edidit
1296 2773 1477 2838 Phaedrum

336 2873 423 2937 notis
452 2872 571 2936 criticis
598 2873 805 2955 instructum,
838 2894 919 2956 quae
948 2874 1091 2939 recensio
1119 2873 1288 2957 aliquoties
1315 2875 1401 2960 typis
1430 2878 1478 2940 est

336 2973 481 3057 repetita.
525 2972 588 3037 Hic
620 2972 720 3056 igitur
752 2973 815 3055 vir,
849 2974 949 3057 siquis
978 2972 1059 3038 alius
1088 2975 1237 3040 metricae
1266 2977 1417 3061 antiquae
1446 2981 1478 3040 ot

337 3074 476 3140 Graecae
509 3077 541 3138 et
568 3073 702 3138 Latinae
734 3073 856 3157 peritus
888 3073 956 3158 ille,
993 3076 1115 3159 primus
1152 3076 1190 3140 de
1224 3079 1292 3142 arte
1329 3099 1475 3142 versuum

337 3175 474 3241 Phaedri
496 3179 582 3240 recte
604 3173 772 3259 iudicavit,
794 3197 853 3241 nec
875 3176 982 3240 minus
1004 3176 1190 3242 aliamulta
1210 3178 1254 3242 11Ι
1268 3178 1379 3243 eodem
1401 3179 1477 3243 scri·

336 3282 428 3363 ptore
450 3279 573 3362 primus
596 3281 669 3361 apte
692 3277 869 3342 constituit.
907 3277 1093 3342 Notandum
1114 3283 1223 3344 tamen
1246 3285 1388 3345 osteum
1411 3301 1478 3345 non

338 3379 448 3444 eadem
476 3379 661 3443 assiduitate
688 3400 782 3443 curae
811 3402 906 3463 quam
936 3379 1122 3444 Terentium
1151 3384 1183 3443 et
1209 3379 1380 3446 Horatium
1407 3405 1478 3466 per·

337 3484 489 3545 tractasse
511 3479 709 3564 Phaedrum,
733 3480 787 3544 sed
810 3503 882 3545 cum
905 3480 1041 3564 quadam
1064 3480 1286 3560 festinatione,
1316 3486 1353 3546 ut
1381 3483 1477 3548 etiam

338 3581 537 3667 pedestribus
567 3581 749 3646 fabularum
777 3581 1033 3647 enarrationibus
1060 3603 1174 3664 parum
1202 3585 1355 3648 uteretur.
1408 3584 1478 3660 Qua

338 3704 433 3747 eausa
455 3683 572 3767 evenit,
595 3687 632 3747 ut
645 3684 751 3748 minus
767 3706 853 3768 sane,
876 3705 972 3766 quam
990 3683 1107 3768 potuit,
1130 3686 1306 3768 praestaret
1320 3685 1477 3750 Phaedro

339 3784 518 3869 Praeterea,
541 3783 626 3868 quod
649 3784 814 3868 aliquanto
836 3785 927 3868 peius
951 3789 1009 3868 est,
1031 3785 1168 3850 insecuti
1190 3788 1294 3849 aetate
1316 3787 1420 3851 critici
1442 3792 1478 3851 ut

339 3887 374 3950 in
404 3886 555 3950 Terentio
589 3889 621 3950 et
642 3884 778 3951 Horatio
812 3887 857 3950 ita
889 3886 923 3950 in
946 3886 1093 3951 Phaedro
1127 3891 1183 3952 aut
1215 3887 1390 3951 noluerunt
1420 3891 1477 3951 aut

337 3987 522 4052 nescierunt
543 3987 590 4051 uti
607 3987 746 4052 Bentleii
768 3989 917 4068 inventis,
941 3989 1030 4052 cuius
1052 3991 1099 4053 rei
1120 3987 1408 4054 luculentissimum
1430 3992 1476 4053 te·

338 4088 526 4153 stimonium
547 4089 703 4172 praebent
725 4089 881 4154 editiones
903 4087 1084 4154 Burmanni
1106 4093 1139 4154 et
1160 4087 1328 4174 Schwabii,
1350 4090 1387 4154 in
1408 4091 1476 4175 qui-

337 4191 397 4254 bus
423 4193 532 4254 tamen
560 4190 645 4255 inest
672 4191 761 4276 larga
789 4191 869 4256 silva
897 4191 1158 4256 observationum
1181 4190 1391 4274 undecunque
1413 4191 1475 4256 col·

338 4292 501 4374 lectarum,
525 4313 606 4375 quae
629 4291 669 4356 ad
692 4292 890 4357 emendanda
911 4293 977 4357 sive
993 4292 1182 4356 illustranda
1200 4291 1337 4356 Phaedri
1356 4291 1476 4375 scripta

338 4393 530 4484 pertineant.
576 4391 727 4476 Bothius,
762 4398 799 4458 ut
824 4394 985 4484 plerisque
1011 4392 1233 4480 scriptoribus,
1262 4415 1342 4478 quos
1368 4393 1476 4478 edidit,
