<?xml version="1.0" encoding="UTF-8"?>
<!DOCTYPE html PUBLIC "-//W3C//DTD XHTML 1.0 Transitional//EN"
    "http://www.w3.org/TR/xhtml1/DTD/xhtml1-transitional.dtd">
<html xmlns="http://www.w3.org/1999/xhtml" xml:lang="en" lang="en">
 <head>
  <title>
</title>
<meta http-equiv="Content-Type" content="text/html;charset=utf-8" />
  <meta name='ocr-system' content='tesseract 3.04.00' />
  <meta name='ocr-capabilities' content='ocr_page ocr_carea ocr_par ocr_line ocrx_word'/>
</head>
<body>
  <div class='ocr_page' id='page_1' title='image "./lucianimuelleri00aviagoog_0015.png"; bbox 0 0 3354 5204; ppageno 0'>
   <div class='ocr_carea' id='block_1_1' title="bbox 790 246 978 309">
    <p class='ocr_par' dir='ltr' id='par_1_1' title="bbox 790 246 978 309">
     <span class='ocr_line' id='line_1_1' title="bbox 790 246 978 309; baseline 0.005 -16"><span class='ocrx_word' id='word_1_1' title='bbox 790 246 978 309; x_wconf 66' lang='grc'><strong>..6,-</strong></span> 
     </span>
    </p>
   </div>
   <div class='ocr_carea' id='block_1_2' title="bbox 191 398 1457 892">
    <p class='ocr_par' dir='ltr' id='par_1_2' title="bbox 191 398 1457 892">
     <span class='ocr_line' id='line_1_2' title="bbox 313 398 1456 483; baseline -0.002 -17"><span class='ocrx_word' id='word_1_2' title='bbox 313 399 368 466; x_wconf 85' lang='grc'><strong>0111</strong></span> <span class='ocrx_word' id='word_1_3' title='bbox 395 403 509 483; x_wconf 71' lang='lat' dir='ltr'><strong>poetae</strong></span> <span class='ocrx_word' id='word_1_4' title='bbox 538 402 661 464; x_wconf 89' lang='lat' dir='ltr'><strong>veteres</strong></span> <span class='ocrx_word' id='word_1_5' title='bbox 695 400 734 463; x_wconf 89' lang='lat' dir='ltr'><strong>ab</strong></span> <span class='ocrx_word' id='word_1_6' title='bbox 761 399 904 464; x_wconf 85' lang='lat' dir='ltr'>Homero</span> <span class='ocrx_word' id='word_1_7' title='bbox 937 398 1013 464; x_wconf 84' lang='lat' dir='ltr'><strong>inde</strong></span> <span class='ocrx_word' id='word_1_8' title='bbox 1046 403 1122 463; x_wconf 88' lang='lat' dir='ltr'><strong>sunt</strong></span> <span class='ocrx_word' id='word_1_9' title='bbox 1155 399 1204 463; x_wconf 90' lang='lat' dir='ltr'><strong>usi</strong></span> <span class='ocrx_word' id='word_1_10' title='bbox 1238 399 1293 463; x_wconf 90' lang='lat' dir='ltr'><strong>sed</strong></span> <span class='ocrx_word' id='word_1_11' title='bbox 1324 401 1456 480; x_wconf 91' lang='lat' dir='ltr'><strong>minore,</strong></span> 
     </span>
     <span class='ocr_line' id='line_1_3' title="bbox 218 497 1457 587; baseline 0.002 -23"><span class='ocrx_word' id='word_1_12' title='bbox 218 497 222 504; x_wconf 82' lang='lat'>&#39;</span> <span class='ocrx_word' id='word_1_13' title='bbox 313 521 409 584; x_wconf 91' lang='lat' dir='ltr'><strong>quam</strong></span> <span class='ocrx_word' id='word_1_14' title='bbox 431 497 610 583; x_wconf 84' lang='lat' dir='ltr'><strong>Phaedrus,</strong></span> <span class='ocrx_word' id='word_1_15' title='bbox 640 500 859 584; x_wconf 91' lang='lat' dir='ltr'><strong>exemplorum</strong></span> <span class='ocrx_word' id='word_1_16' title='bbox 882 504 915 565; x_wconf 91' lang='grc'><strong>01</strong></span> <span class='ocrx_word' id='word_1_17' title='bbox 940 499 1123 583; x_wconf 75' lang='lat' dir='ltr'>frequentia</span> <span class='ocrx_word' id='word_1_18' title='bbox 1144 503 1177 566; x_wconf 91' lang='lat' dir='ltr'><strong>et</strong></span> <span class='ocrx_word' id='word_1_19' title='bbox 1198 500 1343 587; x_wconf 87' lang='lat' dir='ltr'><strong>audacia)</strong></span> <span class='ocrx_word' id='word_1_20' title='bbox 1372 506 1457 567; x_wconf 91' lang='lat' dir='ltr'><strong>recte</strong></span> 
     </span>
     <span class='ocr_line' id='line_1_4' title="bbox 313 599 1457 686; baseline -0.001 -19"><span class='ocrx_word' id='word_1_21' title='bbox 313 601 525 685; x_wconf 76' lang='lat' dir='ltr'>explicarunt,</span> <span class='ocrx_word' id='word_1_22' title='bbox 553 602 608 686; x_wconf 91' lang='lat' dir='ltr'><strong>qui</strong></span> <span class='ocrx_word' id='word_1_23' title='bbox 630 601 781 686; x_wconf 86' lang='lat' dir='ltr'><strong>dicerent,</strong></span> <span class='ocrx_word' id='word_1_24' title='bbox 807 623 880 666; x_wconf 91' lang='lat' dir='ltr'><strong>cum</strong></span> <span class='ocrx_word' id='word_1_25' title='bbox 901 599 1067 666; x_wconf 80' lang='lat' dir='ltr'>Phaedrus</span> <span class='ocrx_word' id='word_1_26' title='bbox 1088 600 1215 666; x_wconf 89' lang='lat' dir='ltr'><strong>fabulas</strong></span> <span class='ocrx_word' id='word_1_27' title='bbox 1236 623 1309 666; x_wconf 92' lang='lat' dir='ltr'><strong>suas</strong></span> <span class='ocrx_word' id='word_1_28' title='bbox 1331 602 1457 686; x_wconf 91' lang='lat' dir='ltr'><strong>potissi-</strong></span> 
     </span>
     <span class='ocr_line' id='line_1_5' title="bbox 314 702 1455 788; baseline 0.002 -21"><span class='ocrx_word' id='word_1_29' title='bbox 314 725 403 768; x_wconf 93' lang='lat' dir='ltr'><strong>mum</strong></span> <span class='ocrx_word' id='word_1_30' title='bbox 419 703 613 788; x_wconf 76' lang='lat' dir='ltr'><strong>castigandis</strong></span> <span class='ocrx_word' id='word_1_31' title='bbox 629 703 889 788; x_wconf 89' lang='lat' dir='ltr'><strong>corrigendisque</strong></span> <span class='ocrx_word' id='word_1_32' title='bbox 903 702 1047 768; x_wconf 91' lang='lat' dir='ltr'><strong>moribus</strong></span> <span class='ocrx_word' id='word_1_33' title='bbox 1068 703 1237 769; x_wconf 92' lang='lat' dir='ltr'><strong>hominum</strong></span> <span class='ocrx_word' id='word_1_34' title='bbox 1259 703 1455 782; x_wconf 74' lang='lat' dir='ltr'><strong>destinasset,</strong></span> 
     </span>
     <span class='ocr_line' id='line_1_6' title="bbox 191 803 1384 892; baseline 0.002 -24"><span class='ocrx_word' id='word_1_35' title='bbox 191 883 194 892; x_wconf 24' lang='lat'><strong>¹</strong></span> <span class='ocrx_word' id='word_1_36' title='bbox 312 826 466 888; x_wconf 86' lang='lat' dir='ltr'><strong>personas</strong></span> <span class='ocrx_word' id='word_1_37' title='bbox 488 804 589 888; x_wconf 91' lang='lat' dir='ltr'><strong>ipsius</strong></span> <span class='ocrx_word' id='word_1_38' title='bbox 612 805 665 868; x_wconf 88' lang='grc'><strong>111</strong></span> <span class='ocrx_word' id='word_1_39' title='bbox 687 804 782 883; x_wconf 92' lang='lat' dir='ltr'><strong>aliud,</strong></span> <span class='ocrx_word' id='word_1_40' title='bbox 808 826 904 888; x_wconf 91' lang='lat' dir='ltr'><strong>quam</strong></span> <span class='ocrx_word' id='word_1_41' title='bbox 926 803 1161 869; x_wconf 87' lang='lat' dir='ltr'><strong>abstracturum</strong></span> <span class='ocrx_word' id='word_1_42' title='bbox 1182 806 1286 869; x_wconf 89' lang='lat' dir='ltr'><strong>instar</strong></span> <span class='ocrx_word' id='word_1_43' title='bbox 1307 827 1384 871; x_wconf 90' lang='lat' dir='ltr'><strong>esse.</strong></span> 
     </span>
    </p>
   </div>
   <div class='ocr_carea' id='block_1_3' title="bbox 308 904 1500 2918">
    <p class='ocr_par' dir='ltr' id='par_1_3' title="bbox 311 904 1457 1396">
     <span class='ocr_line' id='line_1_7' title="bbox 395 904 1457 990; baseline 0.002 -22"><span class='ocrx_word' id='word_1_44' title='bbox 395 904 516 990; x_wconf 91' lang='lat' dir='ltr'><strong>Magna</strong></span> <span class='ocrx_word' id='word_1_45' title='bbox 546 907 643 970; x_wconf 89' lang='lat' dir='ltr'><strong>etiam</strong></span> <span class='ocrx_word' id='word_1_46' title='bbox 676 905 770 970; x_wconf 87' lang='lat' dir='ltr'><strong>laude</strong></span> <span class='ocrx_word' id='word_1_47' title='bbox 797 905 967 972; x_wconf 81' lang='lat' dir='ltr'><strong>afficienda</strong></span> <span class='ocrx_word' id='word_1_48' title='bbox 996 909 1044 970; x_wconf 90' lang='lat' dir='ltr'><strong>est</strong></span> <span class='ocrx_word' id='word_1_49' title='bbox 1062 915 1121 970; x_wconf 78' lang='lat' dir='ltr'><strong>&#39;ars</strong></span> <span class='ocrx_word' id='word_1_50' title='bbox 1149 907 1282 971; x_wconf 82' lang='lat' dir='ltr'><strong>metrica</strong></span> <span class='ocrx_word' id='word_1_51' title='bbox 1308 904 1457 990; x_wconf 82' lang='lat' dir='ltr'><strong>Phaedri,</strong></span> 
     </span>
     <span class='ocr_line' id='line_1_8' title="bbox 311 1006 1456 1092; baseline 0.001 -21"><span class='ocrx_word' id='word_1_52' title='bbox 311 1029 407 1092; x_wconf 90' lang='lat' dir='ltr'><strong>quam</strong></span> <span class='ocrx_word' id='word_1_53' title='bbox 428 1010 537 1072; x_wconf 89' lang='lat' dir='ltr'><strong>tamen</strong></span> <span class='ocrx_word' id='word_1_54' title='bbox 559 1009 596 1070; x_wconf 90' lang='lat' dir='ltr'><strong>ut</strong></span> <span class='ocrx_word' id='word_1_55' title='bbox 617 1010 702 1072; x_wconf 89' lang='lat' dir='ltr'><strong>recte</strong></span> <span class='ocrx_word' id='word_1_56' title='bbox 725 1007 892 1091; x_wconf 82' lang='lat' dir='ltr'><strong>percipias,</strong></span> <span class='ocrx_word' id='word_1_57' title='bbox 916 1011 973 1072; x_wconf 89' lang='lat' dir='ltr'><strong>aut</strong></span> <span class='ocrx_word' id='word_1_58' title='bbox 987 1006 1115 1072; x_wconf 88' lang='lat' dir='ltr'><strong>Bentlei</strong></span> <span class='ocrx_word' id='word_1_59' title='bbox 1138 1007 1279 1072; x_wconf 89' lang='lat' dir='ltr'><strong>editione</strong></span> <span class='ocrx_word' id='word_1_60' title='bbox 1301 1007 1456 1072; x_wconf 87' lang='lat' dir='ltr'><strong>utendum</strong></span> 
     </span>
     <span class='ocr_line' id='line_1_9' title="bbox 311 1107 1457 1194; baseline 0.002 -23"><span class='ocrx_word' id='word_1_61' title='bbox 311 1111 360 1172; x_wconf 89' lang='lat' dir='ltr'><strong>est</strong></span> <span class='ocrx_word' id='word_1_62' title='bbox 381 1110 437 1171; x_wconf 89' lang='lat' dir='ltr'><strong>aut</strong></span> <span class='ocrx_word' id='word_1_63' title='bbox 451 1129 532 1174; x_wconf 87' lang='lat' dir='ltr'><strong>mea.</strong></span> <span class='ocrx_word' id='word_1_64' title='bbox 570 1107 675 1174; x_wconf 83' lang='lat' dir='ltr'><strong>Ceteri</strong></span> <span class='ocrx_word' id='word_1_65' title='bbox 698 1109 784 1174; x_wconf 93' lang='lat' dir='ltr'><strong>enim</strong></span> <span class='ocrx_word' id='word_1_66' title='bbox 807 1107 918 1174; x_wconf 88' lang='lat' dir='ltr'><strong>omnes</strong></span> <span class='ocrx_word' id='word_1_67' title='bbox 940 1129 998 1192; x_wconf 89' lang='lat' dir='ltr'><strong>per</strong></span> <span class='ocrx_word' id='word_1_68' title='bbox 1018 1109 1181 1174; x_wconf 89' lang='lat' dir='ltr'><strong>inscitiam</strong></span> <span class='ocrx_word' id='word_1_69' title='bbox 1202 1107 1457 1194; x_wconf 88' lang='lat' dir='ltr'><strong>neglegentiam-</strong></span> 
     </span>
     <span class='ocr_line' id='line_1_10' title="bbox 311 1204 1457 1293; baseline 0.003 -20"><span class='ocrx_word' id='word_1_70' title='bbox 311 1231 372 1292; x_wconf 93' lang='lat' dir='ltr'><strong>que</strong></span> <span class='ocrx_word' id='word_1_71' title='bbox 407 1207 553 1274; x_wconf 86' lang='lat' dir='ltr'><strong>codicum</strong></span> <span class='ocrx_word' id='word_1_72' title='bbox 588 1210 761 1293; x_wconf 88' lang='lat' dir='ltr'><strong>scripturas</strong></span> <span class='ocrx_word' id='word_1_73' title='bbox 794 1213 898 1274; x_wconf 90' lang='lat' dir='ltr'><strong>metro</strong></span> <span class='ocrx_word' id='word_1_74' title='bbox 931 1210 1135 1276; x_wconf 83' lang='lat' dir='ltr'><strong>adversantes</strong></span> <span class='ocrx_word' id='word_1_75' title='bbox 1148 1204 1151 1208; x_wconf 72' lang='grc'><strong>’</strong></span> <span class='ocrx_word' id='word_1_76' title='bbox 1164 1233 1232 1275; x_wconf 91' lang='lat' dir='ltr'><strong>non</strong></span> <span class='ocrx_word' id='word_1_77' title='bbox 1264 1211 1360 1276; x_wconf 91' lang='lat' dir='ltr'><strong>modo</strong></span> <span class='ocrx_word' id='word_1_78' title='bbox 1389 1233 1457 1276; x_wconf 93' lang='lat' dir='ltr'><strong>non</strong></span> 
     </span>
     <span class='ocr_line' id='line_1_11' title="bbox 311 1310 1270 1396; baseline 0.001 -22"><span class='ocrx_word' id='word_1_79' title='bbox 311 1310 503 1394; x_wconf 86' lang='lat' dir='ltr'><strong>expulerunt</strong></span> <span class='ocrx_word' id='word_1_80' title='bbox 524 1310 580 1377; x_wconf 89' lang='lat' dir='ltr'><strong>sed</strong></span> <span class='ocrx_word' id='word_1_81' title='bbox 600 1311 695 1382; x_wconf 84' lang='lat' dir='ltr'><strong>novis</strong></span> <span class='ocrx_word' id='word_1_82' title='bbox 717 1311 849 1396; x_wconf 89' lang='lat' dir='ltr'><strong>insuper</strong></span> <span class='ocrx_word' id='word_1_83' title='bbox 871 1312 1076 1376; x_wconf 89' lang='lat' dir='ltr'><strong>cumularunt</strong></span> <span class='ocrx_word' id='word_1_84' title='bbox 1098 1312 1270 1377; x_wconf 91' lang='lat' dir='ltr'><strong>erroribus.</strong></span> 
     </span>
    </p>

    <p class='ocr_par' dir='ltr' id='par_1_4' title="bbox 308 1411 1500 2613">
     <span class='ocr_line' id='line_1_12' title="bbox 390 1411 1458 1500; baseline 0.003 -23"><span class='ocrx_word' id='word_1_85' title='bbox 390 1411 470 1500; x_wconf 82' lang='lat' dir='ltr'><strong>¹Vna</strong></span> <span class='ocrx_word' id='word_1_86' title='bbox 497 1413 627 1498; x_wconf 92' lang='lat' dir='ltr'><strong>quidem</strong></span> <span class='ocrx_word' id='word_1_87' title='bbox 655 1435 689 1478; x_wconf 93' lang='lat' dir='ltr'><strong>re</strong></span> <span class='ocrx_word' id='word_1_88' title='bbox 711 1413 849 1478; x_wconf 90' lang='lat' dir='ltr'><strong>multum</strong></span> <span class='ocrx_word' id='word_1_89' title='bbox 871 1413 1024 1478; x_wconf 87' lang='lat' dir='ltr'><strong>differunt</strong></span> <span class='ocrx_word' id='word_1_90' title='bbox 1044 1412 1185 1478; x_wconf 90' lang='lat' dir='ltr'><strong>Phaedri</strong></span> <span class='ocrx_word' id='word_1_91' title='bbox 1205 1413 1306 1478; x_wconf 89' lang='lat' dir='ltr'><strong>iambi</strong></span> <span class='ocrx_word' id='word_1_92' title='bbox 1328 1414 1368 1478; x_wconf 92' lang='lat' dir='ltr'><strong>ab</strong></span> <span class='ocrx_word' id='word_1_93' title='bbox 1391 1414 1458 1480; x_wconf 90' lang='lat' dir='ltr'><strong>Ho-</strong></span> 
     </span>
     <span class='ocr_line' id='line_1_13' title="bbox 310 1513 1455 1599; baseline 0.003 -23"><span class='ocrx_word' id='word_1_94' title='bbox 310 1514 458 1593; x_wconf 90' lang='lat' dir='ltr'><strong>ratianis,</strong></span> <span class='ocrx_word' id='word_1_95' title='bbox 489 1515 575 1598; x_wconf 93' lang='lat' dir='ltr'><strong>quod</strong></span> <span class='ocrx_word' id='word_1_96' title='bbox 601 1519 727 1580; x_wconf 81' lang='lat' dir='ltr'><strong>secutus</strong></span> <span class='ocrx_word' id='word_1_97' title='bbox 756 1518 880 1581; x_wconf 86' lang='lat' dir='ltr'><strong>veteres</strong></span> <span class='ocrx_word' id='word_1_98' title='bbox 906 1517 1018 1599; x_wconf 86' lang='lat' dir='ltr'><strong>po&#39;e&#39;tas</strong></span> <span class='ocrx_word' id='word_1_99' title='bbox 1040 1515 1202 1580; x_wconf 89' lang='lat' dir='ltr'><strong>scaenicos</strong></span> <span class='ocrx_word' id='word_1_100' title='bbox 1225 1513 1455 1599; x_wconf 90' lang='lat' dir='ltr'><strong>Romanorum,</strong></span> 
     </span>
     <span class='ocr_line' id='line_1_14' title="bbox 310 1614 1500 1702; baseline 0.002 -22"><span class='ocrx_word' id='word_1_101' title='bbox 310 1637 447 1699; x_wconf 91' lang='lat' dir='ltr'><strong>quorum</strong></span> <span class='ocrx_word' id='word_1_102' title='bbox 469 1617 504 1680; x_wconf 91' lang='lat' dir='ltr'><strong>in</strong></span> <span class='ocrx_word' id='word_1_103' title='bbox 526 1615 638 1683; x_wconf 89' lang='lat' dir='ltr'><strong>schola</strong></span> <span class='ocrx_word' id='word_1_104' title='bbox 659 1638 739 1702; x_wconf 88' lang='lat' dir='ltr'><strong>puer</strong></span> <span class='ocrx_word' id='word_1_105' title='bbox 760 1616 884 1701; x_wconf 83' lang='lat' dir='ltr'><strong>legerat</strong></span> <span class='ocrx_word' id='word_1_106' title='bbox 904 1616 1005 1681; x_wconf 89' lang='lat' dir='ltr'><strong>libros</strong></span> <span class='ocrx_word' id='word_1_107' title='bbox 1028 1616 1085 1702; x_wconf 87' lang='lat' dir='ltr'><strong>(cf.</strong></span> <span class='ocrx_word' id='word_1_108' title='bbox 1107 1616 1181 1700; x_wconf 89' lang='lat' dir='ltr'><strong>epil.</strong></span> <span class='ocrx_word' id='word_1_109' title='bbox 1203 1616 1258 1681; x_wconf 92' lang='lat' dir='ltr'><strong>lib.</strong></span> <span class='ocrx_word' id='word_1_110' title='bbox 1280 1614 1329 1680; x_wconf 88' lang='lat' dir='ltr'><strong>HI</strong></span> <span class='ocrx_word' id='word_1_111' title='bbox 1344 1639 1374 1682; x_wconf 92' lang='lat' dir='ltr'><strong>v.</strong></span> <span class='ocrx_word' id='word_1_112' title='bbox 1390 1617 1456 1701; x_wconf 80' lang='lat'><strong>34),</strong></span> <span class='ocrx_word' id='word_1_113' title='bbox 1497 1677 1500 1682; x_wconf 90' lang='lat'><em>.</em></span> 
     </span>
     <span class='ocr_line' id='line_1_15' title="bbox 310 1716 1456 1802; baseline 0.001 -21"><span class='ocrx_word' id='word_1_114' title='bbox 310 1738 386 1784; x_wconf 93' lang='lat' dir='ltr'><strong>usus</strong></span> <span class='ocrx_word' id='word_1_115' title='bbox 420 1721 468 1782; x_wconf 90' lang='grc'><strong>001</strong></span> <span class='ocrx_word' id='word_1_116' title='bbox 499 1716 642 1802; x_wconf 89' lang='lat' dir='ltr'><strong>spondeo</strong></span> <span class='ocrx_word' id='word_1_117' title='bbox 675 1718 727 1782; x_wconf 91' lang='grc'><strong>101</strong></span> <span class='ocrx_word' id='word_1_118' title='bbox 760 1721 934 1801; x_wconf 89' lang='lat' dir='ltr'><strong>anapaesto</strong></span> <span class='ocrx_word' id='word_1_119' title='bbox 968 1717 1064 1782; x_wconf 88' lang='lat' dir='ltr'><strong>etiam</strong></span> <span class='ocrx_word' id='word_1_120' title='bbox 1097 1717 1133 1782; x_wconf 91' lang='lat' dir='ltr'><strong>in</strong></span> <span class='ocrx_word' id='word_1_121' title='bbox 1160 1717 1291 1802; x_wconf 89' lang='lat' dir='ltr'><strong>paribus</strong></span> <span class='ocrx_word' id='word_1_122' title='bbox 1317 1718 1456 1784; x_wconf 86' lang='lat' dir='ltr'><strong>trimetri</strong></span> 
     </span>
     <span class='ocr_line' id='line_1_16' title="bbox 308 1817 1455 1904; baseline 0.002 -22"><span class='ocrx_word' id='word_1_123' title='bbox 308 1819 444 1903; x_wconf 92' lang='lat' dir='ltr'><strong>pedibus</strong></span> <span class='ocrx_word' id='word_1_124' title='bbox 472 1823 600 1904; x_wconf 89' lang='lat' dir='ltr'><strong>praeter</strong></span> <span class='ocrx_word' id='word_1_125' title='bbox 626 1819 787 1884; x_wconf 90' lang='lat' dir='ltr'><strong>ultimum.</strong></span> <span class='ocrx_word' id='word_1_126' title='bbox 833 1817 896 1894; x_wconf 79' lang='lat' dir='ltr'><strong>Qui</strong></span> <span class='ocrx_word' id='word_1_127' title='bbox 923 1817 1032 1883; x_wconf 88' lang='lat' dir='ltr'><strong>nescio</strong></span> <span class='ocrx_word' id='word_1_128' title='bbox 1061 1840 1103 1882; x_wconf 91' lang='lat' dir='ltr'><strong>an</strong></span> <span class='ocrx_word' id='word_1_129' title='bbox 1136 1819 1276 1884; x_wconf 86' lang='lat' dir='ltr'><strong>maxime</strong></span> <span class='ocrx_word' id='word_1_130' title='bbox 1309 1821 1455 1904; x_wconf 88' lang='lat' dir='ltr'><strong>exemplo</strong></span> 
     </span>
     <span class='ocr_line' id='line_1_17' title="bbox 309 1918 1455 2006; baseline 0.002 -23"><span class='ocrx_word' id='word_1_131' title='bbox 309 1918 345 1985; x_wconf 93' lang='lat' dir='ltr'><strong>P.</strong></span> <span class='ocrx_word' id='word_1_132' title='bbox 369 1918 441 2004; x_wconf 82' lang='lat' dir='ltr'><strong>Syri</strong></span> <span class='ocrx_word' id='word_1_133' title='bbox 463 1919 695 2006; x_wconf 83' lang='lat' dir='ltr'><strong>mimographi,</strong></span> <span class='ocrx_word' id='word_1_134' title='bbox 724 1920 853 1986; x_wconf 83' lang='lat' dir='ltr'><strong>Caesari</strong></span> <span class='ocrx_word' id='word_1_135' title='bbox 880 1919 1030 1984; x_wconf 87' lang='lat' dir='ltr'><strong>dictatori</strong></span> <span class='ocrx_word' id='word_1_136' title='bbox 1059 1920 1218 2005; x_wconf 88' lang='lat' dir='ltr'><strong>aequalis,</strong></span> <span class='ocrx_word' id='word_1_137' title='bbox 1249 1920 1305 2004; x_wconf 92' lang='lat' dir='ltr'><strong>qui</strong></span> <span class='ocrx_word' id='word_1_138' title='bbox 1333 1924 1366 1986; x_wconf 91' lang='lat' dir='ltr'><strong>et</strong></span> <span class='ocrx_word' id='word_1_139' title='bbox 1387 1921 1455 2004; x_wconf 88' lang='lat' dir='ltr'><strong>ipse</strong></span> 
     </span>
     <span class='ocr_line' id='line_1_18' title="bbox 308 2021 1456 2106; baseline 0.002 -22"><span class='ocrx_word' id='word_1_140' title='bbox 308 2022 451 2085; x_wconf 87' lang='lat' dir='ltr'><strong>carmina</strong></span> <span class='ocrx_word' id='word_1_141' title='bbox 481 2022 568 2086; x_wconf 90' lang='lat' dir='ltr'><strong>vitiis</strong></span> <span class='ocrx_word' id='word_1_142' title='bbox 595 2023 752 2104; x_wconf 91' lang='lat' dir='ltr'><strong>temporis</strong></span> <span class='ocrx_word' id='word_1_143' title='bbox 780 2021 829 2086; x_wconf 92' lang='lat' dir='ltr'><strong>sui</strong></span> <span class='ocrx_word' id='word_1_144' title='bbox 857 2021 1051 2106; x_wconf 87' lang='lat' dir='ltr'><strong>castigandis</strong></span> <span class='ocrx_word' id='word_1_145' title='bbox 1079 2021 1267 2106; x_wconf 89' lang='lat' dir='ltr'><strong>destinavit,</strong></span> <span class='ocrx_word' id='word_1_146' title='bbox 1302 2021 1456 2087; x_wconf 91' lang='lat' dir='ltr'><strong>adductus</strong></span> 
     </span>
     <span class='ocr_line' id='line_1_19' title="bbox 309 2122 1455 2208; baseline 0.001 -22"><span class='ocrx_word' id='word_1_147' title='bbox 309 2122 364 2203; x_wconf 91' lang='lat' dir='ltr'><strong>sit,</strong></span> <span class='ocrx_word' id='word_1_148' title='bbox 387 2128 424 2186; x_wconf 92' lang='lat' dir='ltr'><strong>ut</strong></span> <span class='ocrx_word' id='word_1_149' title='bbox 444 2122 540 2188; x_wconf 88' lang='lat' dir='ltr'><strong>istam</strong></span> <span class='ocrx_word' id='word_1_150' title='bbox 563 2122 624 2187; x_wconf 91' lang='lat' dir='ltr'><strong>sibi</strong></span> <span class='ocrx_word' id='word_1_151' title='bbox 645 2123 829 2208; x_wconf 87' lang='lat' dir='ltr'><strong>indulgeret</strong></span> <span class='ocrx_word' id='word_1_152' title='bbox 850 2123 1023 2188; x_wconf 88' lang='lat' dir='ltr'><strong>licentiam.</strong></span> <span class='ocrx_word' id='word_1_153' title='bbox 1067 2122 1169 2199; x_wconf 78' lang='lat' dir='ltr'><strong>Quam</strong></span> <span class='ocrx_word' id='word_1_154' title='bbox 1193 2125 1220 2187; x_wconf 89' lang='lat' dir='ltr'><strong>si</strong></span> <span class='ocrx_word' id='word_1_155' title='bbox 1243 2123 1272 2187; x_wconf 92' lang='lat' dir='ltr'><strong>ei</strong></span> <span class='ocrx_word' id='word_1_156' title='bbox 1296 2124 1455 2188; x_wconf 89' lang='lat' dir='ltr'><strong>condona-</strong></span> 
     </span>
     <span class='ocr_line' id='line_1_20' title="bbox 308 2223 1455 2310; baseline -0.001 -21"><span class='ocrx_word' id='word_1_157' title='bbox 308 2223 406 2308; x_wconf 89' lang='lat' dir='ltr'><strong>veris,</strong></span> <span class='ocrx_word' id='word_1_158' title='bbox 435 2223 602 2290; x_wconf 86' lang='lat' dir='ltr'><strong>fatendum</strong></span> <span class='ocrx_word' id='word_1_159' title='bbox 625 2228 675 2288; x_wconf 88' lang='grc'><strong>001</strong></span> <span class='ocrx_word' id='word_1_160' title='bbox 696 2224 868 2290; x_wconf 89' lang='lat' dir='ltr'><strong>admodum</strong></span> <span class='ocrx_word' id='word_1_161' title='bbox 890 2225 1078 2310; x_wconf 88' lang='lat' dir='ltr'><strong>diligentem</strong></span> <span class='ocrx_word' id='word_1_162' title='bbox 1100 2228 1133 2289; x_wconf 91' lang='lat' dir='ltr'><strong>et</strong></span> <span class='ocrx_word' id='word_1_163' title='bbox 1155 2224 1335 2308; x_wconf 86' lang='lat' dir='ltr'><strong>elegantem</strong></span> <span class='ocrx_word' id='word_1_164' title='bbox 1355 2224 1455 2288; x_wconf 86' lang='lat' dir='ltr'><strong>fuisse</strong></span> 
     </span>
     <span class='ocr_line' id='line_1_21' title="bbox 309 2325 1455 2410; baseline 0 -21"><span class='ocrx_word' id='word_1_165' title='bbox 309 2346 382 2389; x_wconf 91' lang='lat' dir='ltr'><strong>eum</strong></span> <span class='ocrx_word' id='word_1_166' title='bbox 409 2325 445 2390; x_wconf 90' lang='lat' dir='ltr'><strong>in</strong></span> <span class='ocrx_word' id='word_1_167' title='bbox 478 2326 709 2410; x_wconf 86' lang='lat' dir='ltr'><strong>componendis</strong></span> <span class='ocrx_word' id='word_1_168' title='bbox 742 2327 902 2410; x_wconf 90' lang='lat' dir='ltr'><strong>versibus,</strong></span> <span class='ocrx_word' id='word_1_169' title='bbox 936 2347 1074 2410; x_wconf 91' lang='lat' dir='ltr'><strong>quorum</strong></span> <span class='ocrx_word' id='word_1_170' title='bbox 1102 2329 1204 2391; x_wconf 90' lang='lat' dir='ltr'><strong>artem</strong></span> <span class='ocrx_word' id='word_1_171' title='bbox 1232 2329 1377 2390; x_wconf 91' lang='lat' dir='ltr'><strong>accurate</strong></span> <span class='ocrx_word' id='word_1_172' title='bbox 1404 2325 1455 2389; x_wconf 93' lang='lat' dir='ltr'><strong>de·</strong></span> 
     </span>
     <span class='ocr_line' id='line_1_22' title="bbox 309 2425 1455 2512; baseline 0.002 -22"><span class='ocrx_word' id='word_1_173' title='bbox 309 2427 421 2511; x_wconf 88' lang='lat' dir='ltr'><strong>scripsi</strong></span> <span class='ocrx_word' id='word_1_174' title='bbox 448 2427 483 2492; x_wconf 89' lang='lat' dir='ltr'><strong>in</strong></span> <span class='ocrx_word' id='word_1_175' title='bbox 509 2427 709 2512; x_wconf 89' lang='lat' dir='ltr'><strong>praefatione</strong></span> <span class='ocrx_word' id='word_1_176' title='bbox 736 2426 887 2492; x_wconf 89' lang='lat' dir='ltr'><strong>editionis</strong></span> <span class='ocrx_word' id='word_1_177' title='bbox 915 2447 1005 2492; x_wconf 90' lang='lat' dir='ltr'><strong>meae</strong></span> <span class='ocrx_word' id='word_1_178' title='bbox 1026 2447 1103 2512; x_wconf 88' lang='lat' dir='ltr'><strong>pgg.</strong></span> <span class='ocrx_word' id='word_1_179' title='bbox 1120 2425 1275 2492; x_wconf 82' lang='lat' dir='ltr'>VIII-X</span> <span class='ocrx_word' id='word_1_180' title='bbox 1301 2431 1334 2492; x_wconf 90' lang='grc'><strong>01</strong></span> <span class='ocrx_word' id='word_1_181' title='bbox 1360 2430 1455 2492; x_wconf 84' lang='grc'><strong>011100</strong></span> 
     </span>
     <span class='ocr_line' id='line_1_23' title="bbox 309 2526 1389 2613; baseline 0.003 -22"><span class='ocrx_word' id='word_1_182' title='bbox 309 2528 344 2591; x_wconf 93' lang='grc'><strong>111</strong></span> <span class='ocrx_word' id='word_1_183' title='bbox 366 2526 449 2592; x_wconf 89' lang='lat' dir='ltr'><strong>libro</strong></span> <span class='ocrx_word' id='word_1_184' title='bbox 472 2527 511 2592; x_wconf 91' lang='lat' dir='ltr'><strong>de</strong></span> <span class='ocrx_word' id='word_1_185' title='bbox 533 2549 567 2593; x_wconf 91' lang='lat' dir='ltr'><strong>re</strong></span> <span class='ocrx_word' id='word_1_186' title='bbox 589 2529 722 2593; x_wconf 90' lang='lat' dir='ltr'><strong>metrica</strong></span> <span class='ocrx_word' id='word_1_187' title='bbox 743 2531 910 2612; x_wconf 71' lang='lat' dir='ltr'><strong>poetarum</strong></span> <span class='ocrx_word' id='word_1_188' title='bbox 933 2527 1124 2592; x_wconf 90' lang='lat' dir='ltr'><strong>Latinorum</strong></span> <span class='ocrx_word' id='word_1_189' title='bbox 1146 2548 1223 2613; x_wconf 89' lang='lat' dir='ltr'><strong>pgg.</strong></span> <span class='ocrx_word' id='word_1_190' title='bbox 1247 2529 1308 2592; x_wconf 86' lang='grc'><strong>411</strong></span> <span class='ocrx_word' id='word_1_191' title='bbox 1321 2549 1389 2612; x_wconf 90' lang='lat' dir='ltr'><strong>sqq.</strong></span> 
     </span>
    </p>

    <p class='ocr_par' dir='ltr' id='par_1_5' title="bbox 309 2627 1455 2918">
     <span class='ocr_line' id='line_1_24' title="bbox 395 2627 1455 2715; baseline 0.001 -22"><span class='ocrx_word' id='word_1_192' title='bbox 395 2627 466 2704; x_wconf 78' lang='lat' dir='ltr'><strong>Qua</strong></span> <span class='ocrx_word' id='word_1_193' title='bbox 498 2630 628 2715; x_wconf 91' lang='lat' dir='ltr'><strong>quidem</strong></span> <span class='ocrx_word' id='word_1_194' title='bbox 659 2651 693 2695; x_wconf 91' lang='grc'><strong>10</strong></span> <span class='ocrx_word' id='word_1_195' title='bbox 727 2630 779 2694; x_wconf 88' lang='grc'><strong>101</strong></span> <span class='ocrx_word' id='word_1_196' title='bbox 812 2629 881 2694; x_wconf 89' lang='grc'><strong>0010</strong></span> <span class='ocrx_word' id='word_1_197' title='bbox 912 2630 1120 2710; x_wconf 90' lang='lat' dir='ltr'><strong>refelluntur,</strong></span> <span class='ocrx_word' id='word_1_198' title='bbox 1158 2630 1214 2714; x_wconf 92' lang='lat' dir='ltr'><strong>qui</strong></span> <span class='ocrx_word' id='word_1_199' title='bbox 1251 2628 1455 2695; x_wconf 91' lang='lat' dir='ltr'><strong>crediderunt</strong></span> 
     </span>
     <span class='ocr_line' id='line_1_25' title="bbox 309 2729 1454 2816; baseline 0.002 -22"><span class='ocrx_word' id='word_1_200' title='bbox 309 2729 448 2795; x_wconf 90' lang='lat' dir='ltr'><strong>Phaedri</strong></span> <span class='ocrx_word' id='word_1_201' title='bbox 470 2732 613 2796; x_wconf 90' lang='lat' dir='ltr'><strong>carmina</strong></span> <span class='ocrx_word' id='word_1_202' title='bbox 635 2735 691 2796; x_wconf 90' lang='grc'><strong>001</strong></span> <span class='ocrx_word' id='word_1_203' title='bbox 712 2731 835 2796; x_wconf 87' lang='lat' dir='ltr'><strong>ultimis</strong></span> <span class='ocrx_word' id='word_1_204' title='bbox 861 2732 1063 2816; x_wconf 88' lang='lat' dir='ltr'><strong>antiquitatis</strong></span> <span class='ocrx_word' id='word_1_205' title='bbox 1092 2733 1292 2815; x_wconf 89' lang='lat' dir='ltr'><strong>temporibus</strong></span> <span class='ocrx_word' id='word_1_206' title='bbox 1313 2735 1369 2797; x_wconf 90' lang='grc'><strong>001</strong></span> <span class='ocrx_word' id='word_1_207' title='bbox 1390 2754 1454 2797; x_wconf 89' lang='lat' dir='ltr'><strong>me-</strong></span> 
     </span>
     <span class='ocr_line' id='line_1_26' title="bbox 309 2831 1454 2918; baseline 0.004 -24"><span class='ocrx_word' id='word_1_208' title='bbox 309 2831 362 2896; x_wconf 91' lang='lat' dir='ltr'><strong>dio</strong></span> <span class='ocrx_word' id='word_1_209' title='bbox 391 2854 471 2898; x_wconf 92' lang='lat' dir='ltr'><strong>aevo</strong></span> <span class='ocrx_word' id='word_1_210' title='bbox 500 2837 597 2917; x_wconf 86' lang='lat' dir='ltr'><strong>atque</strong></span> <span class='ocrx_word' id='word_1_211' title='bbox 625 2834 703 2899; x_wconf 91' lang='lat' dir='ltr'><strong>adeo</strong></span> <span class='ocrx_word' id='word_1_212' title='bbox 733 2833 860 2898; x_wconf 90' lang='lat' dir='ltr'><strong>saeculo</strong></span> <span class='ocrx_word' id='word_1_213' title='bbox 882 2831 947 2900; x_wconf 90' lang='lat' dir='ltr'><strong>XV</strong></span> <span class='ocrx_word' id='word_1_214' title='bbox 969 2856 988 2897; x_wconf 92' lang='lat' dir='ltr'><strong>a</strong></span> <span class='ocrx_word' id='word_1_215' title='bbox 1008 2832 1141 2898; x_wconf 88' lang='lat' dir='ltr'><strong>Perottc</strong></span> <span class='ocrx_word' id='word_1_216' title='bbox 1170 2855 1238 2898; x_wconf 90' lang='lat' dir='ltr'><strong>esse</strong></span> <span class='ocrx_word' id='word_1_217' title='bbox 1266 2835 1454 2918; x_wconf 89' lang='lat' dir='ltr'><strong>composita,</strong></span> 
     </span>
    </p>
   </div>
   <div class='ocr_carea' id='block_1_4' title="bbox 309 2934 1557 3020">
    <p class='ocr_par' dir='ltr' id='par_1_6' title="bbox 309 2934 1557 3020">
     <span class='ocr_line' id='line_1_27' title="bbox 309 2934 1557 3020; baseline 0.003 -24"><span class='ocrx_word' id='word_1_218' title='bbox 309 2954 382 2997; x_wconf 92' lang='lat' dir='ltr'><strong>oum</strong></span> <span class='ocrx_word' id='word_1_219' title='bbox 403 2954 498 2999; x_wconf 89' lang='lat' dir='ltr'><strong>nemo</strong></span> <span class='ocrx_word' id='word_1_220' title='bbox 522 2939 578 2999; x_wconf 91' lang='lat' dir='ltr'><strong>aut</strong></span> <span class='ocrx_word' id='word_1_221' title='bbox 599 2934 660 2999; x_wconf 88' lang='lat' dir='ltr'><strong>hac</strong></span> <span class='ocrx_word' id='word_1_222' title='bbox 682 2935 786 2999; x_wconf 89' lang='lat' dir='ltr'><strong>aetate</strong></span> <span class='ocrx_word' id='word_1_223' title='bbox 808 2938 864 2999; x_wconf 89' lang='lat' dir='ltr'><strong>aut</strong></span> <span class='ocrx_word' id='word_1_224' title='bbox 884 2934 942 2998; x_wconf 92' lang='lat' dir='ltr'><strong>illa</strong></span> <span class='ocrx_word' id='word_1_225' title='bbox 957 2934 1125 3018; x_wconf 86' lang='lat' dir='ltr'><strong>exstiterit,</strong></span> <span class='ocrx_word' id='word_1_226' title='bbox 1149 2935 1205 3020; x_wconf 91' lang='lat' dir='ltr'><strong>qui</strong></span> <span class='ocrx_word' id='word_1_227' title='bbox 1227 2934 1338 3000; x_wconf 92' lang='lat' dir='ltr'><strong>eadem</strong></span> <span class='ocrx_word' id='word_1_228' title='bbox 1359 2937 1454 3000; x_wconf 89' lang='lat' dir='ltr'><strong>metri</strong></span> <span class='ocrx_word' id='word_1_229' title='bbox 1553 2949 1557 2960; x_wconf 83' lang='grc'><em>“</em></span> 
     </span>
    </p>
   </div>
   <div class='ocr_carea' id='block_1_5' title="bbox 307 3034 1453 4136">
    <p class='ocr_par' dir='ltr' id='par_1_7' title="bbox 309 3034 1453 3201">
     <span class='ocr_line' id='line_1_28' title="bbox 309 3034 1453 3120; baseline 0.001 -21"><span class='ocrx_word' id='word_1_230' title='bbox 309 3037 388 3118; x_wconf 80' lang='lat' dir='ltr'><strong>arte,</strong></span> <span class='ocrx_word' id='word_1_231' title='bbox 413 3056 508 3118; x_wconf 92' lang='lat' dir='ltr'><strong>quam</strong></span> <span class='ocrx_word' id='word_1_232' title='bbox 523 3036 559 3101; x_wconf 89' lang='lat' dir='ltr'><strong>in</strong></span> <span class='ocrx_word' id='word_1_233' title='bbox 572 3034 719 3101; x_wconf 90' lang='lat' dir='ltr'><strong>Phaedro</strong></span> <span class='ocrx_word' id='word_1_234' title='bbox 736 3037 953 3120; x_wconf 84' lang='lat' dir='ltr'><strong>observamus,</strong></span> <span class='ocrx_word' id='word_1_235' title='bbox 977 3035 1178 3102; x_wconf 89' lang='lat' dir='ltr'><strong>conscribere</strong></span> <span class='ocrx_word' id='word_1_236' title='bbox 1199 3041 1309 3120; x_wconf 88' lang='lat' dir='ltr'><strong>posset</strong></span> <span class='ocrx_word' id='word_1_237' title='bbox 1324 3057 1453 3102; x_wconf 88' lang='lat' dir='ltr'><strong>carmen</strong></span> 
     </span>
     <span class='ocr_line' id='line_1_29' title="bbox 310 3135 494 3201; baseline 0.011 -2"><span class='ocrx_word' id='word_1_238' title='bbox 310 3135 361 3200; x_wconf 90' lang='lat' dir='ltr'><strong>vel</strong></span> <span class='ocrx_word' id='word_1_239' title='bbox 384 3145 494 3201; x_wconf 88' lang='lat' dir='ltr'><strong>unum.</strong></span> 
     </span>
    </p>

    <p class='ocr_par' dir='ltr' id='par_1_8' title="bbox 307 3237 1452 3812">
     <span class='ocr_line' id='line_1_30' title="bbox 391 3237 1452 3324; baseline 0.002 -22"><span class='ocrx_word' id='word_1_240' title='bbox 391 3237 460 3302; x_wconf 91' lang='lat' dir='ltr'><strong>Iam</strong></span> <span class='ocrx_word' id='word_1_241' title='bbox 487 3260 560 3303; x_wconf 92' lang='lat' dir='ltr'><strong>oum</strong></span> <span class='ocrx_word' id='word_1_242' title='bbox 587 3238 727 3304; x_wconf 89' lang='lat' dir='ltr'><strong>Phaedri</strong></span> <span class='ocrx_word' id='word_1_243' title='bbox 754 3260 865 3303; x_wconf 88' lang='lat' dir='ltr'><strong>versus</strong></span> <span class='ocrx_word' id='word_1_244' title='bbox 892 3238 1080 3322; x_wconf 89' lang='lat' dir='ltr'><strong>plerumque</strong></span> <span class='ocrx_word' id='word_1_245' title='bbox 1113 3240 1179 3304; x_wconf 92' lang='lat' dir='ltr'><strong>sint</strong></span> <span class='ocrx_word' id='word_1_246' title='bbox 1211 3241 1379 3324; x_wconf 86' lang='lat' dir='ltr'><strong>perfaciles</strong></span> <span class='ocrx_word' id='word_1_247' title='bbox 1412 3241 1452 3305; x_wconf 89' lang='lat' dir='ltr'><strong>ad</strong></span> 
     </span>
     <span class='ocr_line' id='line_1_31' title="bbox 310 3339 1451 3424; baseline 0.001 -21"><span class='ocrx_word' id='word_1_248' title='bbox 310 3339 543 3423; x_wconf 90' lang='lat' dir='ltr'><strong>scandendum,</strong></span> <span class='ocrx_word' id='word_1_249' title='bbox 571 3341 622 3405; x_wconf 91' lang='lat' dir='ltr'><strong>vel</strong></span> <span class='ocrx_word' id='word_1_250' title='bbox 650 3340 722 3405; x_wconf 87' lang='lat' dir='ltr'><strong>ideo</strong></span> <span class='ocrx_word' id='word_1_251' title='bbox 750 3361 924 3423; x_wconf 88' lang='lat' dir='ltr'><strong>puerorum</strong></span> <span class='ocrx_word' id='word_1_252' title='bbox 950 3340 1063 3424; x_wconf 91' lang='lat' dir='ltr'><strong>primis</strong></span> <span class='ocrx_word' id='word_1_253' title='bbox 1092 3341 1202 3405; x_wconf 89' lang='lat' dir='ltr'><strong>usibus</strong></span> <span class='ocrx_word' id='word_1_254' title='bbox 1230 3341 1357 3406; x_wconf 89' lang='lat' dir='ltr'><strong>videtur</strong></span> <span class='ocrx_word' id='word_1_255' title='bbox 1384 3363 1451 3405; x_wconf 90' lang='lat' dir='ltr'><strong>esse</strong></span> 
     </span>
     <span class='ocr_line' id='line_1_32' title="bbox 309 3441 1451 3528; baseline 0.001 -24"><span class='ocrx_word' id='word_1_256' title='bbox 309 3441 613 3526; x_wconf 88' lang='lat' dir='ltr'><strong>accommodandus,</strong></span> <span class='ocrx_word' id='word_1_257' title='bbox 641 3445 678 3506; x_wconf 92' lang='lat' dir='ltr'><strong>ut</strong></span> <span class='ocrx_word' id='word_1_258' title='bbox 704 3442 766 3506; x_wconf 94' lang='lat' dir='ltr'><strong>hoc</strong></span> <span class='ocrx_word' id='word_1_259' title='bbox 794 3442 940 3526; x_wconf 88' lang='lat' dir='ltr'><strong>exemplo</strong></span> <span class='ocrx_word' id='word_1_260' title='bbox 967 3443 1017 3507; x_wconf 91' lang='lat' dir='ltr'><strong>usi</strong></span> <span class='ocrx_word' id='word_1_261' title='bbox 1039 3443 1144 3526; x_wconf 90' lang='lat' dir='ltr'><strong>prima</strong></span> <span class='ocrx_word' id='word_1_262' title='bbox 1166 3442 1351 3528; x_wconf 87' lang='lat' dir='ltr'><strong>cognitione</strong></span> <span class='ocrx_word' id='word_1_263' title='bbox 1373 3442 1451 3506; x_wconf 87' lang='lat' dir='ltr'><strong>artis</strong></span> 
     </span>
     <span class='ocr_line' id='line_1_33' title="bbox 308 3542 1451 3629; baseline -0.001 -21"><span class='ocrx_word' id='word_1_264' title='bbox 308 3542 459 3608; x_wconf 88' lang='lat' dir='ltr'><strong>metricae</strong></span> <span class='ocrx_word' id='word_1_265' title='bbox 497 3543 663 3628; x_wconf 89' lang='lat' dir='ltr'><strong>antiquae,</strong></span> <span class='ocrx_word' id='word_1_266' title='bbox 700 3565 781 3627; x_wconf 89' lang='lat' dir='ltr'><strong>quae</strong></span> <span class='ocrx_word' id='word_1_267' title='bbox 812 3543 961 3628; x_wconf 89' lang='lat' dir='ltr'><strong>neglecta</strong></span> <span class='ocrx_word' id='word_1_268' title='bbox 991 3544 1214 3610; x_wconf 90' lang='lat' dir='ltr'><strong>observatione</strong></span> <span class='ocrx_word' id='word_1_269' title='bbox 1249 3543 1451 3629; x_wconf 88' lang='lat' dir='ltr'><strong>grammatici</strong></span> 
     </span>
     <span class='ocr_line' id='line_1_34' title="bbox 308 3644 1450 3731; baseline 0.004 -24"><span class='ocrx_word' id='word_1_270' title='bbox 308 3645 480 3708; x_wconf 89' lang='lat' dir='ltr'><strong>verborum</strong></span> <span class='ocrx_word' id='word_1_271' title='bbox 512 3649 662 3710; x_wconf 88' lang='lat' dir='ltr'><strong>accentus</strong></span> <span class='ocrx_word' id='word_1_272' title='bbox 694 3645 891 3730; x_wconf 88' lang='lat' dir='ltr'><strong>quantitates</strong></span> <span class='ocrx_word' id='word_1_273' title='bbox 923 3648 1050 3709; x_wconf 90' lang='lat' dir='ltr'><strong>tantum</strong></span> <span class='ocrx_word' id='word_1_274' title='bbox 1082 3646 1213 3730; x_wconf 90' lang='lat' dir='ltr'><strong>respicit</strong></span> <span class='ocrx_word' id='word_1_275' title='bbox 1246 3644 1450 3731; x_wconf 86' lang='lat' dir='ltr'><strong>syllabarum,</strong></span> 
     </span>
     <span class='ocr_line' id='line_1_35' title="bbox 307 3745 757 3812; baseline 0 -2"><span class='ocrx_word' id='word_1_276' title='bbox 307 3745 495 3811; x_wconf 89' lang='lat' dir='ltr'><strong>imbuantur</strong></span> <span class='ocrx_word' id='word_1_277' title='bbox 516 3767 627 3812; x_wconf 90' lang='lat' dir='ltr'><strong>eorum</strong></span> <span class='ocrx_word' id='word_1_278' title='bbox 648 3746 757 3811; x_wconf 87' lang='lat' dir='ltr'><strong>animi.</strong></span> 
     </span>
    </p>

    <p class='ocr_par' dir='ltr' id='par_1_9' title="bbox 308 3845 1451 4136">
     <span class='ocr_line' id='line_1_36' title="bbox 394 3845 1451 3931; baseline 0.004 -20"><span class='ocrx_word' id='word_1_279' title='bbox 394 3845 557 3923; x_wconf 79' lang='lat' dir='ltr'><strong>Quantum</strong></span> <span class='ocrx_word' id='word_1_280' title='bbox 579 3848 619 3912; x_wconf 89' lang='lat' dir='ltr'><strong>ad</strong></span> <span class='ocrx_word' id='word_1_281' title='bbox 641 3846 782 3912; x_wconf 92' lang='lat' dir='ltr'><strong>indolem</strong></span> <span class='ocrx_word' id='word_1_282' title='bbox 804 3848 964 3931; x_wconf 70' lang='lat' dir='ltr'><strong>poeticam</strong></span> <span class='ocrx_word' id='word_1_283' title='bbox 986 3851 1126 3914; x_wconf 89' lang='lat' dir='ltr'><strong>auctoris</strong></span> <span class='ocrx_word' id='word_1_284' title='bbox 1154 3849 1265 3928; x_wconf 88' lang='lat' dir='ltr'><strong>huius,</strong></span> <span class='ocrx_word' id='word_1_285' title='bbox 1296 3849 1451 3915; x_wconf 88' lang='grc'><strong>01011111-</strong></span> 
     </span>
     <span class='ocr_line' id='line_1_37' title="bbox 308 3948 1451 4034; baseline 0 -20"><span class='ocrx_word' id='word_1_286' title='bbox 308 3948 391 4014; x_wconf 87' lang='lat' dir='ltr'><strong>citur</strong></span> <span class='ocrx_word' id='word_1_287' title='bbox 412 3949 569 4014; x_wconf 86' lang='lat' dir='ltr'><strong>suavitate</strong></span> <span class='ocrx_word' id='word_1_288' title='bbox 592 3971 629 4016; x_wconf 91' lang='grc'><strong>00</strong></span> <span class='ocrx_word' id='word_1_289' title='bbox 651 3949 852 4034; x_wconf 90' lang='lat' dir='ltr'><strong>simplicitate</strong></span> <span class='ocrx_word' id='word_1_290' title='bbox 874 3973 894 4014; x_wconf 93' lang='lat' dir='ltr'><strong>a</strong></span> <span class='ocrx_word' id='word_1_291' title='bbox 908 3949 1036 4029; x_wconf 88' lang='lat' dir='ltr'><strong>Babrio,</strong></span> <span class='ocrx_word' id='word_1_292' title='bbox 1061 3951 1117 4034; x_wconf 92' lang='lat' dir='ltr'><strong>qui</strong></span> <span class='ocrx_word' id='word_1_293' title='bbox 1139 3951 1236 4015; x_wconf 89' lang='lat' dir='ltr'><strong>etiam</strong></span> <span class='ocrx_word' id='word_1_294' title='bbox 1258 3948 1380 4014; x_wconf 91' lang='lat' dir='ltr'><strong>alienus</strong></span> <span class='ocrx_word' id='word_1_295' title='bbox 1402 3952 1451 4014; x_wconf 89' lang='lat' dir='ltr'><strong>est</strong></span> 
     </span>
     <span class='ocr_line' id='line_1_38' title="bbox 308 4049 1450 4136; baseline 0 -22"><span class='ocrx_word' id='word_1_296' title='bbox 308 4051 348 4115; x_wconf 92' lang='lat' dir='ltr'><strong>ab</strong></span> <span class='ocrx_word' id='word_1_297' title='bbox 376 4050 548 4116; x_wconf 89' lang='lat' dir='ltr'><strong>acerbitate</strong></span> <span class='ocrx_word' id='word_1_298' title='bbox 570 4051 640 4136; x_wconf 90' lang='lat' dir='ltr'><strong>illa,</strong></span> <span class='ocrx_word' id='word_1_299' title='bbox 670 4051 760 4116; x_wconf 91' lang='lat' dir='ltr'><strong>cuius</strong></span> <span class='ocrx_word' id='word_1_300' title='bbox 783 4072 878 4116; x_wconf 89' lang='grc'><strong>00000</strong></span> <span class='ocrx_word' id='word_1_301' title='bbox 899 4051 1022 4116; x_wconf 83' lang='grc'><strong>01011111</strong></span> <span class='ocrx_word' id='word_1_302' title='bbox 1043 4050 1190 4116; x_wconf 90' lang='lat' dir='ltr'><strong>Phaedro</strong></span> <span class='ocrx_word' id='word_1_303' title='bbox 1217 4049 1450 4115; x_wconf 84' lang='lat' dir='ltr'><strong>malevolorum</strong></span> 
     </span>
    </p>
   </div>
   <div class='ocr_carea' id='block_1_6' title="bbox 308 4151 1569 4233">
    <p class='ocr_par' dir='ltr' id='par_1_10' title="bbox 308 4151 1569 4233">
     <span class='ocr_line' id='line_1_39' title="bbox 308 4151 1569 4233; baseline -0.002 -17"><span class='ocrx_word' id='word_1_304' title='bbox 308 4152 498 4218; x_wconf 90' lang='lat' dir='ltr'><strong>obtrectatio</strong></span> <span class='ocrx_word' id='word_1_305' title='bbox 526 4156 559 4217; x_wconf 89' lang='lat' dir='ltr'><strong>et</strong></span> <span class='ocrx_word' id='word_1_306' title='bbox 585 4152 726 4218; x_wconf 90' lang='lat' dir='ltr'><strong>tenuitas</strong></span> <span class='ocrx_word' id='word_1_307' title='bbox 751 4153 813 4233; x_wconf 91' lang='lat' dir='ltr'><strong>rei,</strong></span> <span class='ocrx_word' id='word_1_308' title='bbox 843 4155 970 4218; x_wconf 85' lang='lat' dir='ltr'><strong>exstant</strong></span> <span class='ocrx_word' id='word_1_309' title='bbox 991 4152 1059 4216; x_wconf 88' lang='lat' dir='ltr'><strong>eius</strong></span> <span class='ocrx_word' id='word_1_310' title='bbox 1080 4151 1209 4216; x_wconf 90' lang='lat' dir='ltr'><strong>fabulae</strong></span> <span class='ocrx_word' id='word_1_311' title='bbox 1232 4151 1308 4216; x_wconf 89' lang='lat' dir='ltr'><strong>satis</strong></span> <span class='ocrx_word' id='word_1_312' title='bbox 1331 4151 1448 4215; x_wconf 90' lang='lat' dir='ltr'><strong>multae</strong></span> <span class='ocrx_word' id='word_1_313' title='bbox 1563 4183 1569 4202; x_wconf 65' lang='grc' dir='ltr'><strong>ι</strong></span> 
     </span>
    </p>
   </div>
   <div class='ocr_carea' id='block_1_7' title="bbox 307 4251 1449 4440">
    <p class='ocr_par' dir='ltr' id='par_1_11' title="bbox 307 4251 1449 4440">
     <span class='ocr_line' id='line_1_40' title="bbox 307 4251 1448 4338; baseline -0.001 -22"><span class='ocrx_word' id='word_1_314' title='bbox 307 4254 348 4317; x_wconf 90' lang='lat' dir='ltr'><strong>ab</strong></span> <span class='ocrx_word' id='word_1_315' title='bbox 371 4253 459 4317; x_wconf 91' lang='lat' dir='ltr'><strong>omni</strong></span> <span class='ocrx_word' id='word_1_316' title='bbox 481 4275 581 4337; x_wconf 89' lang='lat' dir='ltr'><strong>prope</strong></span> <span class='ocrx_word' id='word_1_317' title='bbox 603 4257 694 4337; x_wconf 88' lang='lat' dir='ltr'><strong>parte</strong></span> <span class='ocrx_word' id='word_1_318' title='bbox 715 4253 889 4338; x_wconf 86' lang='lat' dir='ltr'><strong>perfectae,</strong></span> <span class='ocrx_word' id='word_1_319' title='bbox 916 4253 1032 4337; x_wconf 91' lang='lat' dir='ltr'><strong>quibus</strong></span> <span class='ocrx_word' id='word_1_320' title='bbox 1053 4253 1258 4338; x_wconf 88' lang='lat' dir='ltr'><strong>potissimum</strong></span> <span class='ocrx_word' id='word_1_321' title='bbox 1280 4252 1329 4316; x_wconf 89' lang='lat' dir='ltr'><strong>uti</strong></span> <span class='ocrx_word' id='word_1_322' title='bbox 1349 4251 1448 4335; x_wconf 90' lang='lat' dir='ltr'><strong>magi·</strong></span> 
     </span>
     <span class='ocr_line' id='line_1_41' title="bbox 308 4353 1449 4440; baseline -0.002 -20"><span class='ocrx_word' id='word_1_323' title='bbox 308 4357 391 4420; x_wconf 88' lang='lat' dir='ltr'><strong>strcs</strong></span> <span class='ocrx_word' id='word_1_324' title='bbox 413 4353 596 4420; x_wconf 86' lang='lat' dir='ltr'><strong>scholarum</strong></span> <span class='ocrx_word' id='word_1_325' title='bbox 622 4355 657 4420; x_wconf 90' lang='lat' dir='ltr'><strong>in</strong></span> <span class='ocrx_word' id='word_1_326' title='bbox 685 4377 778 4420; x_wconf 91' lang='lat' dir='ltr'><strong>usum</strong></span> <span class='ocrx_word' id='word_1_327' title='bbox 805 4376 942 4440; x_wconf 89' lang='lat' dir='ltr'><strong>aequum</strong></span> <span class='ocrx_word' id='word_1_328' title='bbox 969 4359 1026 4421; x_wconf 91' lang='lat' dir='ltr'><strong>est.</strong></span> <span class='ocrx_word' id='word_1_329' title='bbox 1070 4354 1163 4420; x_wconf 89' lang='lat' dir='ltr'><strong>Aliae</strong></span> <span class='ocrx_word' id='word_1_330' title='bbox 1185 4354 1351 4438; x_wconf 87' lang='lat' dir='ltr'><strong>aliquanto</strong></span> <span class='ocrx_word' id='word_1_331' title='bbox 1374 4356 1449 4418; x_wconf 88' lang='lat' dir='ltr'><strong>sunt</strong></span> 
     </span>
    </p>
   </div>
   <div class='ocr_carea' id='block_1_8' title="bbox 0 0 1682 5204">
    <p class='ocr_par' dir='ltr' id='par_1_12' title="bbox 0 0 1682 5204">
     <span class='ocr_line' id='line_1_42' title="bbox 0 0 1682 5204; baseline 0 2"><span class='ocrx_word' id='word_1_332' title='bbox 0 0 1682 5204; x_wconf 95' lang='lat' dir='ltr'><strong> </strong></span> 
     </span>
    </p>
   </div>
  </div>
 </body>
</html>
