3354 5204
828 238 1038 301 ..32-

443 387 527 452 Eum
549 391 677 470 poetam
701 375 1342 475 quodCannegiete1·11setLaehmannus
1364 394 1503 458 seeundo

358 513 390 573 p.
416 489 492 554 Chr.
521 488 648 554 saeculo
678 489 878 574 adscribunt,
910 490 1097 576 longissime
1119 497 1290 578 utrumque
1303 485 1332 558 ¹a
1353 517 1429 560 vero
1452 497 1505 560 ab·
1631 525 1632 578 ᾗ

360 613 465 655 errare
488 591 645 655 existimo.
676 589 719 654 Et
735 591 959 675 Cannegieteri
982 593 1110 676 quidem
1133 594 1314 660 dissertatio
1336 579 1505 661 notissima
1631 641 1632 682 ,

360 695 396 756 de
414 697 519 779 ‚aetate
542 697 570 756 et
590 693 661 757 stilo
676 691 791 756 Flauii
812 692 936 758 Aciooi
959 693 1019 777 (ita
1040 695 1125 757 enim
1148 695 1322 781 inscripsit)
1345 702 1381 762 'ut
1403 698 1505 762 multa

361 793 525 858 doctrinae
552 815 620 858 non
649 792 847 877 spernendae
876 793 922 857 ita
944 795 997 857 vix
1019 796 1171 878 pauciora
1193 797 1303 861 iudicii
1326 798 1504 864 deficientis
1631 815 1632 826 ¹

360 898 567 978 ortorumque
597 915 635 957 ex
664 895 726 958 hoc
757 894 837 958 vitio
866 895 933 958 sive
960 917 1104 960 errorum
1132 899 1185 962 vix
1213 899 1415 964 credibilium
1437 901 1505 964 sive
1631 967 1632 974 χ

363 996 525 1061 inutilium
548 995 746 1082 argutiarum
769 995 914 1059 continet
941 997 1140 1063 documenta.
1186 999 1334 1065 Ceterum
1357 1005 1390 1065 et
1410 1002 1505 1066 huius

361 1101 393 1161 et
420 1096 620 1161 Lachmanni
648 1095 758 1180 opinio
792 1118 830 1161 eo
859 1097 1062 1180 potissimum
1089 1099 1205 1164 nititur
1232 1106 1439 1187 argumento,
1469 1108 1505 1166 ut

363 1198 472 1263 dicant
499 1198 534 1261 in
556 1197 674 1261 scholis
696 1197 794 1260 medii
816 1198 902 1282 aevi,
933 1197 1048 1281 quibus
1077 1223 1153 1266 sane
1176 1202 1313 1267 multum
1342 1205 1504 1269 lectitatus

361 1303 410 1364 est
439 1299 601 1382 Asianus,
636 1299 703 1364 eius
729 1302 878 1383 poemata
905 1300 1014 1363 om'nia
1043 1323 1080 1366 ea
1106 1304 1255 1387 traxisse,
1288 1327 1371 1388 quae
1400 1306 1505 1385 aliena

294 1409 303 1422 '
361 1400 426 1465 sint
453 1401 494 1464 ab
518 1403 622 1464 aetate
644 1401 898 1465 Antoninorum.
943 1399 986 1464 Et
1012 1423 1088 1465 sane
1111 1403 1210 1468 libros
1238 1405 1421 1470 scholarum
1444 1429 1504 1470 usu
1557 1461 1562 1468 .
1620 1419 1623 1430 '

360 1523 418 1584 per
433 1502 572 1566 medium
588 1524 701 1566 aevum
723 1501 818 1566 tritos
839 1503 1041 1586 gravioribus
1064 1525 1159 1594 quam
1175 1508 1296 1569 ceteros
1314 1508 1503 1588 corruptelis

361 1607 393 1666 et
425 1603 727 1687 interpolationibus
760 1603 846 1667 affici
871 1603 992 1668 ‘solitos
1020 1604 1143 1688 pridem
1170 1606 1356 1670 intellexere
1389 1607 1500 1671 critici.

360 1703 399 1767 ln
415 1696 552 1788 Avieno,
575 1709 612 1770 ut
633 1705 754 1770 leviora
775 1725 862 1768 nune
885 1705 1019 1788 mittam,
1043 1707 1083 1770 ab
1106 1708 1240 1790 antiquo
1263 1706 1337 1771 inde
1358 1712 1503 1790 tempore

360 1806 512 1889 maxime,
547 1827 606 1870 nec
636 1807 809 1888 immerito,
843 1805 1027 1889 promythia
1054 1808 1105 1872 vel
1134 1809 1309 1892 epimythia
1335 1809 1503 1872 hominum

361 1907 528 1980 doctorum
549 1911 721 1971 moverunt
743 1907 953 1990 suspitiones,
982 1929 1054 1971 cum
1081 1910 1270 1992 praesertim
1297 1933 1316 1974 a
1337 1910 1503 1974 nonnullis

361 2008 524 2073 codicibus
547 2031 658 2073 eorum
680 2009 831 2092 pleraque
853 2008 984 2073 exulent
1007 2009 1067 2095 (cf.
1091 2009 1234 2096 Oanneg.
1258 2011 1331 2076 diss.
1353 2031 1408 2096 pg.
1431 2011 1503 2093 291,

361 2108 406 2195 2).
432 2148 469 2157 -
500 2109 622 2174 Verum
650 2110 735 2174 enim
765 2131 841 2175 vero
868 2111 904 2174 in
931 2110 1009 2194 ipsis
1036 2111 1154 2176 fabulis
1180 2117 1247 2176 tam
1275 2113 1377 2176 multa
1399 2113 1505 2195 quarti

365 2210 511 2294 quintive
538 2233 569 2294 p.
594 2210 668 2276 Ohr.
698 2210 815 2275 saeculi
843 2211 993 2276 dictionis
1015 2214 1205 2277 metricaeve
1226 2214 1358 2296 propria
1379 2214 1504 2277 inveni·

363 2315 470 2396 untur,
494 2314 540 2396 ut,
561 2313 624 2376 nisi
647 2335 768 2377 novum
789 2334 920 2397 prorsus
942 2315 998 2377 tuo
1021 2314 1163 2395 periculo
1179 2313 1300 2397 fingere
1315 2314 1503 2378 sustinueris

368 2413 540 2496 Avianum,
562 2413 635 2478 tolli
658 2435 695 2478 ea
717 2413 927 2478 coniectando
950 2435 1016 2476 non
1038 2414 1173 2497 possint.
1217 2413 1261 2478 Et
1282 2415 1350 2498 ipse
1372 2414 1504 2479 dicitse

349 2514 456 2578 nullo
485 2519 559 2579 ante
588 2515 670 2579 libro
700 2514 786 2578 edito
808 2513 934 2577 fabulas
956 2513 1013 2578 has
1035 2514 1106 2578 rudi
1128 2514 1288 2580 latinitate
1311 2517 1504 2600 compositas

366 2615 465 2700 elegis
493 2615 651 2699 explicare
680 2636 747 2679 esse
774 2617 938 2702 conatum,
972 2615 1028 2679 ubi
1056 2617 1211 2700 eeplieore
1238 2617 1323 2682 idem
1351 2619 1506 2702 estquod

361 2739 533 2801 proponere
561 2718 628 2783 sive
650 2718 850 2800 perscribere.
896 2716 993 2781 Plura
1020 2717 1058 2781 de
1086 2717 1148 2782 hac
1169 2740 1203 2782 re
1226 2720 1409 2784 monuimus
1430 2720 1505 2784 libri

361 2821 464 2884 nostri
487 2819 525 2884 de
548 2841 581 2884 re
605 2820 737 2884 metrica
757 2823 925 2902 poetarum
947 2819 1137 2884 Latinorum
1158 2840 1212 2904 pg.
1236 2821 1286 2884 55.
1322 2819 1409 2896 Quae
1432 2843 1504 2884 cum
1631 2831 1632 2834 ’

361 2921 407 2984 ita
434 2922 515 3003 sint,
548 2921 634 2984 haud
662 2919 867 3004 improbabili
896 2921 1081 2985 coniectura
1103 2921 1150 2984 uti
1174 2941 1227 2984 eos
1250 2921 1412 3005 existimo,
1447 2923 1503 3005 qui

363 3022 570 3101 Theodosium
601 3021 693 3085 illum
728 3020 766 3084 ad
800 3042 895 3105 quem
925 3021 1012 3084 dedit
1040 3021 1166 3085 fabulas
1194 3021 1339 3086 Avianus
1369 3023 1503 3087 credunt

360 3124 458 3204 fuisse
481 3123 685 3188 Ambrosiam
708 3123 914 3188 Theodosium
937 3122 1140 3189 Macrobiem
1168 3122 1371 3188 notissimum
1396 3122 1504 3188 Satur-

361 3224 522 3288 naliorum
546 3225 750 3308 scriptorem,
779 3224 834 3308 qui
857 3224 997 3289 Arcadio
1027 3228 1060 3288 et
1081 3223 1228 3288 Honorio
1257 3225 1505 3308 imperatoribus

364 3326 428 3390 fuit
450 3326 601 3410 aequalis.

447 3426 583 3511 Scripsit
609 3427 711 3491 latino
740 3449 886 3491 sermone
914 3426 1039 3491 fabulas
1062 3432 1098 3490 ut
1120 3427 1188 3510 ipse
1210 3429 1348 3490 testatur
1369 3449 1503 3492 numero
1565 3432 1571 3450 '

361 3529 418 3613 42,
443 3528 613 3612 Babrium,
642 3529 731 3592 cuius
759 3549 913 3613 magnum
932 3527 997 3612 ¹fuit
1017 3549 1136 3592 nomen
1159 3527 1280 3592 ultimis
1303 3528 1504 3612 antiquitatis

362 3631 511 3713 saeculis,
541 3631 568 3694 si
590 3651 658 3694 non
680 3651 805 3713 semper
832 3628 886 3714 (cf.
910 3628 1020 3694 Lehm.
1044 3629 1144 3712 praef.
1169 3628 1265 3694 Babr.
1291 3650 1345 3714 pg.
1367 3629 1441 3712 IX),
1471 3641 1504 3694 at

363 3736 448 3796 certe
469 3731 644 3815 plurimum
667 3735 809 3814 secutus3
832 3733 868 3794 ut
891 3749 972 3814 quae
994 3753 1062 3795 non
1083 3735 1195 3796 extant
1216 3732 1336 3796 Aviani
1359 3731 1505 3815 exempla

362 3832 446 3916 apud
470 3831 555 3897 hunc
578 3855 616 3896 ea
631 3831 697 3895 fere
713 3832 796 3896 sicut
810 3831 896 3896 haud
910 3854 1030 3916 paucae
1046 3833 1188 3897 eiusdem
1202 3832 1329 3897 fabulae
1345 3832 1503 3915 deperisse

362 3934 428 3998 sint
449 3933 669 3998 existimanda.

409 4079 412 4087 -
447 4035 526 4098 Eius
549 4035 581 4100 in
605 4034 723 4100 fabulis
752 4036 812 4100 etsi
840 4035 894 4100 hic
922 4035 989 4100 illic
1012 4027 1345 4100 inveniuntur‘relata
1367 4054 1434 4097 non
1456 4033 1504 4096 in-

362 4137 457 4220 scite,
480 4137 616 4201 multum
638 4141 746 4201 tamen
769 4137 926 4202 suavitate
947 4137 1086 4201 vincitur
1108 4157 1126 4199 a
1149 4134 1284 4218 Bebrio,
1307 4138 1403 4218 atque
1425 4135 1503 4198 adeo

363 4237 526 4322 Phaedro,
557 4260 740 4322 quanquam
762 4239 789 4302 is
812 4239 944 4302 minime
966 4241 1082 4320 aequat
1102 4237 1197 4300 huius
1228 4236 1378 4317 virtutes,
1408 4236 1503 4320 longe

363 4342 411 4402 est
433 4339 575 4405 inferior.
