3354 5204
689 267 878 328 „3-

213 413 412 487 obscuritate
432 440 584 485 sensuum
606 423 663 484 aut
684 418 856 483 verborum
879 417 1067 502 ambagibus
1089 416 1253 501 impedita,
1279 437 1355 500 qua·

212 524 258 588 les
290 527 367 588 sunt
397 521 482 586 inter
509 519 673 586 Romanos
705 519 896 602 Eutropius,
928 517 1054 602 Nepos,
1082 517 1256 583 Phaedrus.
1304 517 1354 582 llx

213 624 328 708 quibus
360 645 554 707 quamquam
587 621 764 704 Eutropius
799 621 906 684 minus
942 642 1029 685 nuno
1065 621 1288 703 frequentatur
1319 621 1354 683 in

211 724 330 790 scholis
353 747 450 808 quam
472 725 567 807 olim,
592 721 703 806 Nepos
726 725 759 786 et
778 720 944 786 Phaedrus
966 720 1110 786 nondum
1132 724 1208 785 sunt
1229 721 1354 804 depulsi

212 847 270 890 suo
292 826 416 890 honore
438 846 543 908 neque
564 823 659 888 facile
682 823 897 907 depellentur,
924 823 987 888 nisi
1009 823 1108 906 forte,
1136 821 1170 886 id
1191 822 1278 906 quod
1300 823 1354 886 vix

211 928 288 991 licet
323 926 460 1010 sperari,
498 925 575 990 nori
613 946 744 1009 prorsus
781 928 814 989 et
848 924 972 1009 pridem
1009 923 1189 1008 cognitioni
1224 927 1354 988 nostrae

165 1101 171 1112 ,
212 1028 359 1093 subducti
382 1049 420 1092 ex
443 1025 709 1091 bibliothecarum
736 1025 868 1091 latebris
897 1025 1171 1110 recuperabuntur
1198 1029 1354 1109 auctores,

211 1149 406 1213 quamquam
434 1150 501 1192 non
530 1127 717 1205 defuerunt,
747 1128 804 1212 qui
830 1115 1001 1211 utrumque
1029 1127 1118 1211 loco,
1145 1148 1241 1212 quem
1267 1149 1354 1192 nune

212 1231 361 1296 obtinent
382 1230 418 1293 in
440 1229 573 1312 scholis,
599 1233 794 1294 conarentur
816 1229 993 1313 demovere,
1015 1232 1053 1294 ut
1073 1233 1182 1294 tamen
1203 1229 1266 1313 ipsi
1287 1251 1355 1294 non

159 1404 161 1408 .
211 1332 377 1414 haberent,
400 1352 482 1413 quae
503 1330 622 1395 rectius
644 1334 778 1414 possent
798 1331 960 1396 substitui.

295 1431 340 1496 Et
361 1453 437 1496 sane
456 1431 603 1497 Phaedro
626 1430 716 1516 (nam
737 1430 776 1496 de
798 1429 864 1496 hoc
881 1432 946 1496 iam
968 1452 1149 1497 sermonem
1171 1452 1242 1496 sum
1264 1432 1354 1497 insti-

211 1537 351 1616 tuturus)
376 1533 496 1598 adsunt
514 1533 626 1616 multa,
649 1533 766 1617 quibus
780 1533 963 1598 scholarum
979 1534 1088 1598 usibus
1103 1532 1353 1617 commendetur,

211 1636 271 1699 etsi
292 1657 333 1700 ne
355 1635 442 1699 hunc
465 1634 593 1718 quidem
615 1656 789 1718 puerorum
811 1636 851 1699 ad
872 1635 1045 1701 lectionem
1064 1657 1122 1701 sua
1137 1635 1352 1719 composuisse

213 1741 300 1802 certo
316 1739 452 1801 constat.
490 1733 595 1800 Aliter
617 1757 693 1800 sane
715 1758 766 1800 res
787 1737 886 1801 habet
905 1737 941 1801 in
956 1736 1086 1819 Babrio,
1108 1740 1204 1820 potita
1220 1735 1352 1821 Graeco,

211 1838 267 1920 qui
303 1837 491 1902 choliambis
527 1836 654 1901 fabulas
690 1837 881 1920 conscripsit
912 1836 1085 1922 Aesopeos.
1134 1837 1230 1903 Hunc
1266 1838 1352 1904 enim

211 1938 377 2023 Braneho,
407 1938 497 2023 regio
524 1958 642 2022 puero,
670 1937 869 2003 instituendo
898 1939 1072 2004 destinasse
1099 1961 1158 2004 sua
1185 1939 1286 2023 ipsius
1313 1961 1352 2004 ex

209 2039 395 2116 testimonio
416 2039 625 2124 intellegitur.
670 2036 733 2104 Sed
760 2039 801 2104 ad
822 2039 1004 2106 Phaedrum
1031 2043 1068 2104 ut
1094 2039 1236 2124 redeam,
1266 2041 1353 2125 quod

188 2141 244 2204 in
266 2140 341 2204 libri
363 2141 451 2206 tertii
470 2141 607 2225 prologo
623 2161 654 2203 v.
670 2138 713 2202 20
721 2139 746 2223 ¹)
768 2140 928 2224 gloriatur
948 2164 981 2206 se
1004 2145 1041 2206 ut
1061 2141 1096 2205 in
1111 2141 1218 2207 Pierio
1241 2145 1352 2206 monte

209 2241 242 2306 h.
266 2263 298 2307 e.·
322 2242 357 2306 in
383 2241 574 2306 Macedonia
602 2244 634 2305 et
663 2240 698 2304 in
726 2240 846 2307 vicinia
875 2243 1026 2308 Graeciae
1061 2243 1181 2307 editum
1215 2245 1250 2307 in
1281 2244 1352 2327 ipsa

208 2365 310 2427 paene
333 2344 444 2408 schola
464 2365 533 2408 esse
560 2347 689 2424 natum,
717 2364 755 2408 eo
784 2363 879 2408 sensu
906 2343 1153 2409 scholam-dixit
1174 2344 1351 2428 Graeciam,

209 2466 273 2528 quo
302 2445 514 2510 Terentianus
541 2466 572 2508 v.
597 2443 690 2508 1301.
713 2444 846 2510 eandem
878 2447 1007 2510 vocavit
1033 2445 1233 2532 magistram,
1267 2445 1299 2510 h.
1323 2467 1350 2510 e.

92 2594 94 2598 -
209 2546 353 2610 omnium
386 2546 565 2610 studiorum
598 2545 779 2629 artiumque
810 2546 1060 2630 praeceptricem
1093 2550 1125 2611 et
1158 2547 1350 2632 exemplum.

210 2645 411 2730 Quamquam
432 2649 540 2730 potest
560 2647 657 2709 etiam
680 2646 781 2710 videri
803 2648 962 2732 cogitasse
979 2647 1016 2712 de
1032 2646 1150 2713 scholis
1172 2653 1349 2731 poetarum,

209 2770 289 2832 quas
309 2749 466 2812 memorat
489 2745 647 2810 Martialis
670 2746 727 2831 IV,
750 2749 802 2830 61,
826 2750 855 2812 3.
893 2747 978 2813 Nam
1001 2750 1081 2814 tales
1105 2749 1157 2835 (de
1180 2751 1296 2833 quibus
1318 2755 1351 2815 et

209 2849 265 2914 alii
292 2848 441 2913 dixerunt
467 2870 562 2932 saepe
592 2852 625 2913 et
652 2869 712 2934 ego
734 2870 809 2935 pag.
835 2852 872 2913 ll
896 2849 971 2914 libri
993 2849 1031 2914 de
1053 2872 1087 2914 re
1110 2852 1242 2916 metrica
1263 2854 1350 2935 poet.

207 2951 315 3033 latin.)
349 2954 386 3014 ut
417 2951 501 3034 apud
534 2949 698 3014 Romanos
734 2951 867 3016 fuerunt
899 2952 1099 3036 frequentes,
1137 2953 1233 3017 etiam
1265 2953 1351 3037 apud

209 3052 348 3117 Graecos
376 3052 534 3116 exstitisse
563 3073 640 3116 sane
667 3073 763 3135 quam
789 3053 957 3136 probabile
985 3057 1042 3118 est.
1091 3053 1136 3118 Et
1167 3058 1276 3137 aperte
1309 3054 1349 3118 ad

106 3183 111 3191 ·
208 3153 334 3218 scholas
362 3156 428 3216 sive
456 3153 594 3236 collegia
621 3157 788 3235 poetarum
794 3203 804 3237 ,
837 3176 918 3238 quae
953 3157 1044 3218 erant
1070 3154 1103 3217 in
1133 3155 1212 3218 urbe
1234 3154 1347 3234 Roma,

207 3254 377 3337 respicitur
404 3275 433 3317 v.
456 3254 498 3318 23
524 3251 664 3317 eiusdem
697 3254 834 3339 prologi.
883 3253 1061 3320 Puerorum
1094 3258 1202 3319 autem
1234 3257 1350 3339 peritia

207 3356 301 3420 latini
323 3355 479 3423 sermonis
501 3377 615 3439 parum
635 3359 862 3439 provectorum
884 3357 983 3422 aetati
995 3378 1055 3428 cur
1076 3360 1144 3421 tam
1165 3360 1259 3440 aptus
1281 3379 1349 3422 esse

208 3457 354 3523 videatur
383 3458 563 3541 Phaedrus,
597 3456 657 3521 hae
690 3458 894 3541 potissimum
926 3462 1003 3524 sunt
1032 3480 1155 3523 causae.
1205 3458 1348 3522 Primum
1465 3475 1469 3484 ·

208 3561 278 3642 ipsa
298 3564 489 3645 argumenta
512 3559 589 3623 satis
611 3559 810 3624 conveniunt
831 3561 930 3625 aetati
951 3564 1090 3643 tenerae,
1114 3581 1186 3623 cum
1207 3582 1348 3644 praeser-

208 3660 267 3723 tim
284 3659 399 3724 additis
420 3660 609 3745 plerumque
630 3681 688 3744 per
708 3662 893 3746 promythia
908 3663 974 3726 sive
990 3661 1166 3745 epimythia
1180 3661 1348 3725 sententiis

208 3761 382 3825 moralibus
415 3762 588 3825 secundum
620 3765 735 3826 notum
761 3761 892 3828 Horatii
919 3767 1125 3847 praeceptum
1154 3767 1194 3844 (a.
1216 3785 1247 3846 p.
1271 3763 1346 3845 343)

207 3863 380 3927 utilitatem
416 3862 571 3927 misceant
603 3863 804 3928 iucunditati.
855 3863 970 3948 Neque
1003 3864 1088 3948 apud
1121 3885 1253 3947 pueros,
1292 3865 1347 3947 qui

206 3985 266 4030 neo
305 3963 411 4028 solent
448 3985 515 4028 esse
554 3983 613 4028 nec
650 3964 768 4029 debent
805 3964 998 4049 Aristarchi,
1043 3966 1181 4030 multum
1219 3964 1349 4028 nocebit

206 4065 367 4150 Phaedro,
403 4066 489 4149 quod
515 4066 677 4130 interdum
704 4068 821 4132 relatas
850 4067 1004 4150 exemplis
1027 4066 1157 4131 Graecis
1184 4087 1235 4130 res
1263 4066 1346 4130 dete·

206 4168 290 4232 riora
317 4168 450 4232 invertit
475 4161 660 4233 narratione
695 4169 797 4250 (cuius
826 4168 872 4232 rei
901 4168 1066 4251 complura
1094 4169 1285 4232 documenta
1311 4168 1346 4231 in

275 4390 294 4458 ¹)
315 4388 346 4441 In
364 4387 514 4441 afferendis
532 4387 654 4443 Phaedri
671 4388 796 4442 versibus
816 4389 879 4442 utor
896 4387 1019 4443 numeris
1037 4387 1168 4440 editionis
1184 4402 1273 4442 meae.

1073 4476 1076 4484 .
1109 4475 1141 4526 1,
