3354 5204
678 275 885 340 „31-

207 434 304 520 fero).
342 432 463 528 Tamen
486 452 557 495 cum
578 429 649 512 feru
672 427 863 492 adsensum
886 426 928 490 sit
950 424 1159 509 aptissimum,
1180 425 1291 490 nescio
1310 447 1354 490 an

210 535 317 619 potius
340 532 542 598 scribendum
566 532 607 594 sit
629 528 819 593 traiectione
841 527 928 592 facta
949 527 1039 591 verbi
1061 527 1171 591 unius:

462 683 613 752 postquam
631 680 735 734 esurire
754 679 872 732 societas
892 677 986 746 coepit
1003 676 1072 731 fera.

295 820 397 906 Saepe
426 818 513 882 enim
539 815 702 881 vocabulis
729 814 912 878 traiciendis
944 813 1178 878 restituendum
1199 833 1267 877 esse
1289 834 1353 876 me-

210 926 296 986 trum
322 922 358 984 in
387 919 505 984 fabulis
532 917 706 982 Perottiuis
736 938 832 998 supra
870 916 991 980 monui.
1043 914 1192 980 Ceterum
1224 917 1354 980 scaelus

209 1021 280 1101 scra
299 1020 395 1103 plane
417 1042 456 1084 ex
477 1041 565 1084 more
588 1017 726 1082 Phaedri
748 1016 868 1081 dictum
889 1038 948 1100 pro
970 1017 1046 1081 socii
1066 1016 1136 1097 feri.

295 1155 376 1221 Ibid.
400 1156 450 1240 18,
472 1157 492 1220 3
515 1176 600 1238 sqq:

415 1323 482 1391 quid
500 1324 532 1377 tu
550 1323 700 1377 confusus?
720 1320 811 1376 dicam
828 1321 882 1375 tibi
900 1321 983 1384 clare,
1001 1321 1092 1389 pater,
1121 1357 1123 1362 ,

414 1407 467 1460 hoc
485 1422 608 1474 namque
628 1422 658 1459 es
677 1405 779 1474 dignus
796 1403 935 1474 appellari
952 1404 1074 1470 nomine,

413 1491 475 1544 tuto
493 1489 610 1559 querela
627 1489 695 1558 quia
713 1489 789 1558 apud
806 1491 835 1542 te
855 1488 1013 1559 deponitur.

296 1643 504 1708 Manifestum
527 1646 576 1708 est
597 1642 711 1708 ultima
729 1642 847 1707 rectius
869 1641 981 1706 referri
1004 1640 1043 1705 ad
1065 1661 1192 1705 versum
1214 1641 1234 1706 3
1257 1649 1352 1726 quam

211 1746 249 1810 ad
285 1767 323 1810 ea
355 1767 436 1830 quae
468 1745 614 1830 proxime
646 1743 851 1829 praecedunt.
901 1743 1013 1826 Itaque
1047 1741 1121 1807 v.4
1152 1742 1353 1826 parenthesis

211 1848 313 1911 instar
334 1851 383 1910 est
401 1847 578 1911 habendus,
990 1903 995 1912 .

296 1947 432 2013 Restant
459 1947 537 2031 alia,
571 1969 652 2031 quae
680 1948 714 2010 in
741 1946 859 2011 fabulis
881 1946 1018 2010 Phaedri
1046 1943 1103 2010 aut
1130 1945 1352 2010 emendatione

216 2050 385 2114 videantur
407 2069 500 2134 egere
523 2054 579 2114 aut
600 2049 829 2132 explicatione3
853 2048 891 2111 de
914 2048 1030 2131 quibus
1052 2051 1172 2130 tamen,
1194 2070 1235 2111 ne
1257 2048 1291 2110 in
1306 2047 1353 2110 ni-

212 2151 310 2214 miam
334 2155 496 2215 excrescat
516 2151 634 2216 molem
655 2150 750 2214 huius
773 2148 918 2234 opusculi
947 2149 1101 2232 spatium,
1135 2148 1239 2213 dicere
1266 2169 1353 2213 nunc

212 2274 279 2316 non
302 2256 350 2316 est
371 2252 507 2316 animus.

296 2354 420 2418 Addam
453 2353 524 2417 loco
558 2353 730 2418 mantissae
763 2351 921 2435 quaedam
950 2352 988 2415 de
1004 2351 1138 2416 *Avieno
1172 2351 1353 2416 fabularum

212 2458 341 2519 auctore
369 2454 470 2518 altero
498 2452 630 2537 Latino,
663 2453 719 2518 sed
748 2454 901 2529 breviter,
934 2456 970 2516 ut
1000 2453 1054 2534 qui
1082 2456 1210 2517 acturus
1232 2452 1292 2516 sim
1315 2451 1353 2514 de

212 2556 365 2639 scriptore
388 2555 540 2620 mediocri
562 2554 743 2639 admodum,
766 2576 807 2618 ne
830 2554 932 2618 dicam
954 2554 1050 2619 futili.

298 2655 383 2719 Huic
405 2677 602 2739 praenomen
624 2677 643 2719 1
664 2655 825 2739 plerisque
847 2655 916 2718 indi
938 2655 1031 2720 video
1047 2655 1171 2735 Flauii,
1196 2656 1271 2740 quia
1294 2655 1355 2719 Ge-

215 2757 325 2821 rardus
347 2756 508 2820 Iohannes
533 2755 665 2820 Vossius
694 2759 726 2820 et
753 2756 873 2840 Caspar
895 2755 1047 2820 Barthius
1076 2756 1108 2820 id
1135 2758 1171 2821 in
1192 2756 1354 2821 codicibus

214 2859 279 2922 suis
301 2858 493 2923 invenerint.
540 2857 584 2921 Et
610 2857 704 2922 credo
724 2857 890 2941 Vossium,
918 2857 1082 2922 hominem
1109 2857 1352 2943 integerrimum

213 2959 302 3045 (nam
332 2959 370 3024 de
391 2957 526 3023 Barthio
556 2963 722 3043 suspectae
751 2979 845 3042 saepe
873 2959 1105 3024 fidei'auctore
1132 2959 1239 3022 minus
1268 2961 1355 3022 certa

97 3061 100 3066 ’
212 3083 262 3124 res
285 3065 345 3144 est)
368 3061 528 3126 invenisse
556 3061 618 3125 hoc
640 3082 773 3142 nomen,
802 3061 888 3144 quod
918 3060 1040 3124 ultimis
1068 3061 1195 3145 imperii
1217 3059 1354 3125 Romani

212 3162 411 3245 temporibus
433 3162 604 3226 admodum
627 3163 782 3226 usitatum
803 3161 902 3226 fuisse
924 3166 1046 3226 norunt
1067 3183 1188 3226 omnes.
1232 3160 1353 3225 Tamen

212 3283 317 3345 neque
339 3262 420 3326 mihi
441 3285 545 3346 neque
561 3263 766 3327 Lachmanno
782 3267 839 3327 aut
853 3263 1037 3329 Froehnero
1058 3267 1114 3328 aut
1128 3262 1183 3328 alii
1206 3263 1355 3346 cuiquam

212 3362 399 3427 mortalium
431 3373 573 3448 unquam
595 3362 679 3427 idem
701 3366 864 3447 repertum
885 3365 920 3428 in
941 3365 1150 3447 membranis,
1178 3364 1213 3427 in
1236 3363 1353 3447 quibus

212 3465 329 3529 dicitur
350 3465 498 3530 Avienus
520 3465 570 3529 vel
593 3465 769 3544 interdum,
799 3466 854 3530 sed
882 3488 955 3530 raro
984 3465 1173 3549 admodum,
1201 3466 1351 3530 Avienus.

212 3564 324 3648 Itaque
350 3567 385 3630 in
407 3567 497 3632 libris
525 3567 594 3632 istis
617 3565 725 3631 Vossii
748 3588 784 3631 ac
806 3565 932 3631 Barthii
955 3567 1239 3651 qualibuscumque
1260 3566 1354 3630 credo

214 3665 335 3730 dictum
362 3672 491 3750 poetam
518 3674 573 3732 aut
599 3667 655 3733 Fl.
678 3669 858 3746 Aeternum,
889 3668 1032 3733 adhibita
1059 3672 1152 3751 nota,
1182 3691 1245 3754 qua
1273 3668 1356 3733 solet

214 3767 280 3831 fere
310 3768 406 3831 scribi
434 3768 587 3847 Flauius,
622 3772 757 3853 ortoque
787 3775 894 3834 'errore
923 3792 960 3834 ex
989 3770 1178 3855 compendio
1207 3769 1354 3834 vocabuli

210 3869 399 3949 fabularum
427 3870 510 3933 male
537 3869 717 3953 intellecta,
752 3871 837 3954 quod
865 3893 1032 3955 perperam
1062 3873 1129 3936 eius
1156 3871 1283 3935 nomini
1313 3869 1356 3933 sit

213 3971 431 4054 praepositum
466 3971 547 4055 (eius
580 3971 626 4034 rei
661 3972 763 4035 simile
798 3972 978 4056 exemplum
1009 3974 1147 4038 habetur
1179 3972 1213 4036 in
1247 3971 1355 4035 codice

215 4059 522 4158 Wissemburgen'si,
558 4073 648 4138 cuius
675 4073 709 4138 in
739 4074 949 4157 inscriptione
976 4075 1050 4139 libri
1079 4073 1210 4139 secundi
1238 4072 1357 4157 legitur

214 4171 330 4254 Aesopi
355 4175 444 4254 sobri
473 4196 532 4257 pro
561 4174 678 4257 Aesopi
705 4176 908 4261 fabularum)
936 4179 992 4240 aut
1019 4176 1127 4259 potius
1155 4173 1356 4238 Flauianum

214 4295 253 4336 ex
282 4273 366 4336 mala
393 4275 613 4340 recordatione
641 4277 841 4360 grammatici
870 4277 1031 4360 Flaviani,
1059 4277 1149 4340 cuius
1171 4297 1266 4358 saepe
1289 4297 1352 4340 me·

216 4373 379 4438 minerunt
401 4375 496 4439 medii
519 4377 589 4441 aevi
612 4377 791 4460 scriptores.
