3354 5204
784 263 971 326 „2-

309 435 351 478 ne
373 413 422 478 illi
444 413 573 498 quidem
595 418 741 480 auctores
768 416 1021 499 frequentissimi
1047 422 1121 500 post
1142 418 1318 483 Alexandri
1341 417 1453 505 Magni

309 521 451 600 tempus,
479 517 534 598 qui
562 516 657 580 simul
685 518 927 602 grammaticam
952 522 984 582 et
1006 520 1166 601 poeticam
1188 521 1375 584 factitarent
1396 527 1453 585 aut
1550 548 1556 562 ·

310 617 379 700 qui,
408 622 445 683 ut
472 617 625 682 Horatius
652 623 731 683 noto
762 619 902 682 carmine
930 618 1021 702 fecit,
1054 625 1289 706 augurarentur
1318 621 1388 686 fore
1416 628 1452 687 ut

310 718 484 802 aliquando
506 719 541 784 in
565 719 683 784 scholis
705 720 824 802 scripta
851 742 908 784 sua
935 720 1133 805 legerentur,
1161 723 1228 787 ullo
1256 731 1349 806 pacto
1376 728 1452 787 sunt

310 820 515 884 existimandi
537 842 710 903 puerorum
732 822 767 885 in
789 843 882 885 usum
905 843 942 885 ea
964 822 1227 889 accommodasse.

395 923 465 986 Iam
488 925 525 985 ut
547 922 694 986 omittam
717 922 887 1007 naufragio
903 922 960 987 illo
976 924 1179 988 classicarum
1201 925 1390 1008 litterarum,
1413 925 1451 989 de

309 1044 373 1105 quo
397 1044 494 1106 supra
516 1021 591 1107 dixi,
613 1023 700 1087 haud
723 1024 818 1088 dubie
841 1025 937 1088 etiam
959 1024 1092 1088 haustos
1111 1047 1178 1088 esse
1201 1025 1299 1090 libros
1322 1026 1450 1109 multos,

309 1123 366 1206 qui
386 1145 560 1207 puerorum
576 1125 616 1188 ad
630 1125 869 1190 institutionem
886 1125 1031 1190 utiliores
1050 1129 1165 1209 essent,
1188 1149 1283 1210 quam
1306 1127 1450 1210 plerique

308 1246 419 1290 eorum
451 1227 507 1308 qui
541 1229 684 1309 exstant,
719 1227 771 1291 vel
804 1227 845 1290 ob
878 1226 910 1290 id
943 1226 1109 1310 aliquanto
1142 1228 1289 1312 graviore
1316 1229 1451 1311 penuria

308 1327 502 1410 scriptorum
524 1327 559 1391 in
581 1328 757 1412 gymnasiis
779 1328 1020 1392 tractandorum
1042 1329 1233 1412 premimur,
1263 1329 1338 1412 quia
1359 1331 1450 1412 pueri

307 1428 420 1508 nostri,
443 1429 587 1512 quinon
610 1434 647 1494 ut
668 1429 794 1512 antiqui
814 1429 926 1494 nativo
949 1433 1085 1494 utuntur
1105 1451 1251 1495 sermone
1275 1431 1376 1495 latino
1399 1431 1450 1494 vel

308 1549 440 1613 graeco,
473 1529 529 1594 sed
557 1552 630 1594 eum
663 1534 908 1614 praeceptorum
939 1531 1143 1595 institutione
1175 1531 1344 1614 paullatim
1377 1553 1449 1596 cum

308 1651 426 1715 magno
454 1631 564 1695 labore
590 1632 788 1716 percipiunt,
823 1633 954 1696 retineri
982 1634 1088 1697 solent
1113 1655 1171 1716 per
1198 1633 1322 1716 aliquot
1349 1655 1450 1697 annos

307 1731 473 1796 elementis
503 1733 615 1815 primis
643 1734 870 1818 grammaticae
893 1737 925 1797 et
948 1735 1090 1816 syntaxis
1113 1755 1245 1818 graecae
1268 1733 1450 1816 latinaeque

308 1831 481 1918 discendis3
516 1855 580 1917 quo
602 1839 747 1918 tempore
769 1857 819 1899 res
842 1835 911 1918 ipsa
933 1835 1010 1918 fert,
1039 1839 1077 1898 ut
1097 1857 1211 1918 parum
1233 1835 1299 1899 sint
1321 1835 1388 1918 apti
1411 1835 1450 1898 ad

306 1933 460 2018 legendos
482 1935 684 2018 antiquitatis
707 1937 878 2019 scriptores
901 1957 964 2016 eos,
988 1936 1043 2019 qui
1066 1958 1133 2001 non
1155 1940 1288 2001 utantur
1303 1958 1449 2001 sermone

307 2057 403 2118 quam
431 2037 568 2101 maxime
601 2036 691 2100 facili
719 2041 752 2101 et
778 2038 935 2120 expedito.
987 2035 1036 2101 Ob
1070 2037 1103 2101 id
1135 2038 1241 2121 ipsum
1275 2059 1341 2102 non
1375 2039 1451 2101 licet

306 2136 416 2219 nobis,
445 2137 528 2201 sicut
554 2137 589 2200 in
611 2142 756 2202 veterum
779 2139 897 2203 scholis
919 2139 1044 2203 solebat
1069 2139 1153 2221 fieri,
1181 2139 1353 2203 lectionem
1374 2160 1451 2222 pue-

306 2259 414 2301 rorum
437 2237 579 2320 incipere
601 2239 641 2303 ab
663 2237 807 2303 Homero
831 2245 863 2304 et
887 2239 1050 2324 Vergilio,
1074 2240 1129 2303 sed
1151 2238 1312 2302 faciliores
1335 2239 1450 2303 eidem-

307 2360 368 2421 que
390 2340 495 2422 pretio
518 2340 684 2424 aliquanto
704 2341 845 2404 minores
867 2339 1007 2424 eligendi
1030 2343 1114 2422 sunt,
1138 2339 1193 2422 qui
1215 2344 1393 2404 tractentur
1414 2343 1449 2404 in

306 2440 514 2505 inferioribus
536 2442 778 2525 gymnasiorum
801 2441 963 2504 classibus
1007 2439 1093 2505 Nam
1115 2440 1201 2523 quod
1223 2441 1370 2525 fuerunt,
1393 2442 1449 2526 qui

306 2541 510 2606 incommodo
539 2541 594 2604 isti
622 2541 787 2605 studerent
814 2540 934 2607 mederi
962 2542 1055 2606 editis
1086 2542 1299 2626 anthologiiS,
1334 2543 1449 2626 quibus

306 2641 535 2706 exhiberentur
559 2641 707 2723 decerpta
729 2665 774 2709 ex,
790 2643 923 2707 diversis
946 2643 1154 2727 scriptoribus
1184 2665 1236 2726 ea,
1264 2665 1345 2726 quae
1373 2666 1449 2728 pue·

306 2764 414 2808 rorum
436 2764 547 2807 recens
569 2744 764 2808 imbutorum
793 2745 887 2808 latini
917 2748 949 2808 et
971 2746 1077 2830 graeci
1103 2747 1259 2810 sermonis
1282 2746 1448 2810 elementis

305 2844 459 2909 inservire
485 2849 619 2928 possent
650 2846 774 2929 usibus,
802 2845 880 2909 talia
907 2846 1055 2909 lectionis
1086 2846 1227 2909 subsidia
1254 2847 1448 2929 quamquam

307 2945 439 3009 minime
468 2944 548 3010 duco
578 2945 772 3030 spernenda,
802 2950 910 3010 tamen
938 2969 1033 3030 quam
1061 2946 1224 3010 celerrime
1251 2951 1359 3030 potest
1380 2949 1449 3011 fieri

306 3047 495 3110 continuum
532 3047 662 3130 aliquod
697 3048 814 3112 veteris
852 3047 1016 3131 scriptoris
1054 3070 1134 3132 opus
1166 3047 1369 3112 tractandum
1402 3049 1448 3112 eis

307 3149 465 3214 existimo.
520 3146 624 3212 Multo
668 3149 786 3232 quippe
824 3148 905 3212 mihi
940 3149 1066 3214 videtur
1100 3153 1262 3233 praestare
1299 3156 1448 3215 accurata

307 3250 451 3334 cognitio
480 3249 576 3313 unius
604 3249 742 3314 auctoris
769 3251 804 3315 in
832 3255 919 3315 certo
947 3253 1086 3334 quodam
1114 3255 1147 3316 ct
1168 3274 1233 3316 uno
1257 3257 1447 3336 argumento

307 3351 464 3415 versantis
497 3354 530 3414 et
562 3351 712 3414 dictionis
745 3373 781 3415 ac
813 3352 855 3434 (si
882 3357 978 3435 po'c'ta
1004 3353 1061 3436 sit)
1093 3355 1187 3416 metri
1221 3353 1447 3434 aequabilitate

306 3451 471 3535 conspicui
499 3473 596 3535 quam
625 3452 777 3516 festinata
803 3452 860 3516 illa
888 3453 1174 3516 diversissimarum
1202 3474 1308 3516 rerum
1331 3475 1447 3516 sermo-

305 3574 447 3635 numque
470 3574 564 3636 saepe
586 3554 723 3618 multum
747 3553 934 3617 distantium
955 3554 1129 3636 perceptio,
1155 3575 1236 3636 quae
1258 3554 1447 3638 plerumque

306 3674 441 3718 avocare
470 3655 554 3718 solet
580 3655 688 3719 statim
717 3656 756 3718 ab
784 3655 878 3719 initio
905 3659 1033 3719 teneros
1062 3655 1246 3720 etiamnunc
1275 3659 1317 3719 et·
1334 3657 1447 3720 molles

306 3776 480 3838 puerorum
512 3756 637 3820 animos
671 3779 690 3820 a
723 3755 814 3820 seriis
847 3759 880 3820 et
912 3757 1063 3840 grauibus
1098 3756 1220 3821 studiis.
1263 3756 1448 3840 Numquam

307 3857 393 3921 enim
416 3860 545 3940 oportet
567 3857 711 3922 oblivisci
733 3857 904 3942 magistros
923 3859 1079 3942 praeclari
1101 3859 1188 3924 illius
1204 3859 1280 3923 dicti
1295 3857 1446 3938 Pliniani,

307 3980 371 4041 quo
394 3959 530 4022 multum
553 3961 662 4042 potius
685 3981 781 4042 quam
803 3959 905 4024 multa
926 3960 1073 4024 iubemur
1094 3961 1209 4043 legere.

390 4059 478 4134 Quae
501 4081 573 4124 cum
596 4061 643 4124 ita
664 4061 745 4143 sint,
773 4061 850 4124 satis
873 4064 949 4143 apto
973 4081 1009 4124 ac
1031 4059 1182 4142 prudenti
1204 4059 1254 4122 usi
1277 4079 1345 4121 esse
1368 4058 1447 4122 mihi

306 4159 456 4224 videntur
477 4160 606 4246 iudicio,
629 4161 685 4244 qui
706 4161 848 4225 tironum
864 4161 986 4244 primos
1001 4161 1035 4223 in
1050 4181 1126 4222 usus
1141 4158 1308 4243 elegerunt
1330 4159 1447 4223 latinos

307 4259 460 4343 quosdam
488 4262 674 4345 scriptoreS,
703 4264 773 4346 qui,
802 4284 875 4326 cum
900 4261 1023 4345 ingenii
1045 4282 1112 4324 non
1134 4261 1180 4324 ita
1202 4281 1320 4344 magna
1342 4264 1449 4323 essent

306 4349 517 4446 amplitudine
546 4367 602 4426 aut
630 4364 814 4445 altitudine,
845 4361 985 4426 dictione
1013 4366 1180 4426 uterentur
1202 4361 1288 4426 facili
1311 4382 1370 4425 nec
1393 4365 1448 4426 aut
