3354 5204
669 278 793 342 „19
840 316 875 324 --

200 435 321 500 alienas
337 435 493 498 existimo.
532 431 594 507 Qui
628 453 812 515 quanquam
834 431 902 512 ipse
925 412 1010 492 haud
1034 450 1106 492 raro
1130 427 1268 492 eiusdem
1291 428 1342 492 rel

201 533 326 599 similis
342 537 523 621 argumenti
550 532 716 616 complura
738 531 868 596 exhibet
896 531 1052 612 carmina,
1079 529 1342 608 tamenminime

201 640 267 701 tam
288 637 398 720 inepta
419 636 502 701 solet
523 655 704 718 proponere
727 655 823 717 quam
846 635 922 696 11111
937 630 1066 694 Romuli
1080 630 1138 714 IV,
1155 633 1184 708 7,
1207 653 1258 695 an.
1274 629 1340 696 Nil.
1388 685 1391 690 .

204 738 254 816 30,
280 758 361 821 quae
383 737 458 800 ficta
481 758 519 799 ex
541 733 633 799 Rom.
655 734 680 818 I,
705 735 753 817 19,
777 733 835 798 Ph.
859 733 883 810 Ι,
911 733 959 797 13.

285 836 434 903 Ceterum
450 836 573 900 alienae
589 859 608 900 a
622 834 769 900 Phaedro
786 833 914 899 fabulae
930 834 1092 917 pedestres
1111 833 1191 915 quin
1206 831 1259 896 1111
1275 831 1341 895 11111

201 937 323 1021 aliquid
345 958 383 1000 ex
406 937 473 1001 eius
495 937 612 1001 fabulis
634 937 805 1019 traxerint,
835 936 972 1000 maxime
994 935 1029 998 in
1051 933 1252 1017 promythiis,
1275 954 1342 996 non

201 1039 373 1104 intercedo.
396 1076 437 1086 -
460 1037 595 1121 Contra,
618 1041 655 1102 ut
677 1038 780 1102 obiter
801 1037 879 1100 haec
901 1040 1068 1118 notentur,
1092 1035 1244 1118 quoniam
1267 1037 1343 1098 sunt

199 1139 286 1204 haud
313 1138 456 1222 inutilia,
487 1139 572 1224 quod
597 1139 749 1205 nonnulli
765 1138 920 1222 *dixerunt
941 1139 976 1201 in
994 1136 1112 1200 fabulis
1134 1158 1173 1200 ex
1195 1135 1341 1200 Phaedro

201 1247 356 1324 expressis
378 1239 472 1304 initia
494 1241 631 1304 maxime
659 1240 762 1305 solere
790 1239 968 1305 accuratius
996 1237 1115 1302 referre
1144 1238 1213 1302 eius
1234 1238 1341 1321 verba,

203 1363 242 1407 ex
270 1347 360 1424 parte
383 1363 494 1405 verum
522 1345 598 1425 est;·
615 1342 670 1406 sed
699 1341 785 1405 enim
807 1363 874 1407 non
895 1342 998 1406 rarius
1020 1340 1114 1404 aliter
1135 1338 1253 1403 habere
1274 1361 1342 1402 rem

200 1442 333 1526 perinde
366 1447 500 1509 constat.
551 1446 656 1527 Atque
687 1446 724 1506 ut
757 1442 833 1507 alibi
873 1442 919 1507 ita
952 1442 1049 1506 etiam
1083 1441 1117 1504 in
1151 1440 1343 1523 promythiis

142 1607 145 1612 .
202 1565 381 1626 anonymus
408 1542 719 1629 wissemburgensis
751 1565 845 1626 saepe
878 1543 1003 1607 fidelius
1036 1541 1175 1606 servavit
1204 1540 1343 1605 Phaedri

202 1645 383 1728 exemplum
405 1667 503 1729 quam
525 1645 633 1709 ceteri.

285 1745 391 1810 Huius
425 1749 531 1810 autem
565 1768 660 1829 saepe
692 1746 804 1820 verba,
838 1745 1010 1830 aliquando
1044 1743 1247 1809 hemistichia
1277 1743 1343 1808 sive

203 1869 314 1911 versus
330 1851 442 1912 auctor
463 1847 666 1931 paraphrasis
681 1847 818 1912 fideliter
832 1846 1004 1911 admodum
1025 1846 1155 1930 repetiit
1169 1845 1234 1910 suis
1253 1846 1343 1908 111111-
1368 1887 1371 1892 -

203 1948 252 2025 lis.
291 1947 335 2012 Et
357 1970 433 2012 saue
456 1971 494 2012 ex
516 1948 626 2012 metris
648 1947 772 2013 Latinis
794 1948 912 2013 senarii
934 1939 1073 2011 Phaedri
1095 1951 1127 2010 et
1148 1946 1345 2010 comicorum

204 2071 300 2132 quam
321 2049 466 2132 proxime
489 2049 644 2114 accedunt
658 2049 697 2114 ad
713 2070 893 2115 sermonem
913 2047 1101 2133 pedestrem.
1140 2047 1225 2111 Hinc
1248 2048 1344 2111 etiam

203 2150 364 2214 interdum
387 2154 556 2235 corruptos
578 2150 716 2215 Phaedri
743 2150 832 2215 locos
861 2172 899 2215 ex
926 2150 1114 2234 paraphrasi
1141 2149 1216 2213 11111
1239 2170 1344 2212 emen-

204 2249 289 2334 dari,
318 2252 408 2315 cuius
431 2255 545 2316 auctor
564 2273 641 2316 sane
664 2251 742 2315 alias
765 2252 915 2335 deceptus
942 2254 990 2315 est
1011 2257 1077 2334 ipse
1105 2249 1194 2314 falsis
1221 2250 1344 2334 proprii

201 2352 339 2424 Phaedri
368 2353 570 2418 lectionibus.
615 2353 737 2417 Tamen
762 2353 865 2417 multo
892 2353 1004 2437 utique
1031 2351 1172 2435 potiores
1201 2353 1277 2414 sunt
1305 2350 1345 2414 ad

203 2453 401 2518 restituenda
415 2453 553 2518 Phaedri
575 2455 674 2518 verba
694 2454 769 2518 libri
791 2453 990 2518 Pithoeanus
1012 2457 1045 2516 et
1059 2451 1226 2516 Remensis
1249 2455 1345 2535 atque

203 2553 281 2620 adeo
304 2555 500 2620 Perottinua
518 2593 560 2604 —
582 2554 731 2619 Proxime
754 2558 862 2619 autem
884 2553 924 2618 ad
946 2552 1085 2618 Phaedri
1107 2552 1288 2637 exemplum
1309 2553 1346 2616 in

202 2654 278 2718 libri
308 2655 405 2738 primi
438 2659 522 2720 certe
558 2655 675 2719 fabulis
706 2657 868 2739 plerisque
904 2655 1026 2720 accedit
1059 2675 1096 2719 11
1130 2653 1345 2739 paraphrasis,

204 2777 300 2839 quarn
321 2755 529 2821 Nilantianus
551 2777 730 2839 anonymus
753 2756 892 2839 exhibet,
915 2756 970 2840 qui
993 2756 1072 2820 alias
1095 2755 1226 2820 Romuli
1249 2777 1345 2839 quarn

203 2858 355 2939 anonymi
371 2856 681 2943 wissemburgensis
697 2861 745 2921 111
759 2857 909 2943 similior;
933 2857 973 2922 cf.
988 2856 1096 2922 Gross.
1112 2857 1134 2919 l.
1151 2880 1192 2922 m.
1208 2877 1262 2942 pg.
1273 2856 1344 2920 782.

203 2957 323 3022 Eadem
347 2963 379 3023 11
401 2958 562 3024 interdum
584 2960 705 3024 maiore
727 2959 789 3023 fide
812 2963 860 3022 est
882 2959 1004 3044 sylloge
1025 2957 1345 3042 Wissemburgensis‚

205 3061 295 3124 ouius
322 3082 398 3124 sane
427 3061 592 3144 aliquanto
622 3061 725 3124 maius
755 3063 838 3124 esset
868 3061 1007 3143 pretium
1013 3084 1026 3142 ς
1056 3059 1119 3125 nisi
1147 3064 1180 3124 et
1201 3083 1220 3122 a
1242 3059 1346 3125 scriba

204 3163 353 3244 imperito
384 3161 554 3225 admodum
576 3182 614 3225 ao
634 3162 821 3246 neglegenti
843 3165 927 3225 esset
948 3165 1077 3234 exarata
1099 3165 1131 3225 et
1153 3160 1346 3243 interpolata

205 3284 223 3325 a
245 3261 376 3326 librario
399 3282 479 3326 saec.
502 3261 563 3343 XI,
592 3263 648 3345 qui
668 3260 799 3326 Romuli
825 3261 1028 3344 potissimum
1055 3283 1130 3325 usus
1152 3261 1242 3325 libris
1264 3261 1345 3325 anti-

205 3385 300 3446 quam
323 3364 512 3446 scripturam
535 3385 628 3448 saepe
652 3363 770 3428 delevit
792 3363 852 3447 ita,
875 3367 911 3426 ut
933 3363 1114 3446 recuperari
1136 3362 1227 3427 nullo
1249 3366 1344 3446 pacto

204 3466 269 3528 iarn
290 3464 401 3549 possit.
447 3464 495 3530 cf.
519 3463 653 3540 Oesterl.
676 3486 729 3550 pg.
755 3464 803 3529 14.

290 3565 438 3630 (laterum
470 3589 542 3630 cum
570 3566 701 3632 Romuli
732 3566 807 3630 libri
833 3587 938 3650 neque
971 3587 1010 3630 ex
1037 3558 1346 3650 wissemburgensis

195 3687 309 3750 neque
332 3687 370 3730 ex
393 3666 574 3733 Nilantiani
596 3668 736 3732 auctoris
759 3668 882 3752 sylloge
905 3668 971 3731 sint
989 3655 1095 3748 ducti,
1123 3667 1178 3730 sed
1201 3689 1239 3730 ex
1262 3687 1346 3732 com-

205 3768 296 3830 muni
322 3767 430 3850 fonte,
449 3760 519 3833 'hoc
541 3773 590 3832 est
611 3790 649 3831 ex
672 3790 805 3852 corpore
829 3769 1008 3833 fabularum
1027 3767 1265 3851 antiquissimo,
1295 3768 1347 3831 cui

205 3869 394 3952 inscriptum
423 3868 485 3933 fuit
505 3869 647 3950 Aesopus
669 3870 713 3933 ad
735 3868 874 3949 Rufum,
903 3891 969 3934 non
997 3873 1104 3953 potest
1130 3890 1197 3932 esse
1219 3869 1346 3950 mirum,

205 3971 291 4054 quod
312 3971 364 4034 vel
386 3970 421 4034 hi
443 3969 605 4034 interdum
626 3970 758 4053 propius
779 3969 935 4034 accedunt
949 3971 988 4034 ad
1003 3971 1141 4034 Phaedri
1165 3968 1346 4052 exemplum

206 4093 301 4154 quam
323 4077 457 4156 uterque
479 4093 668 4154 anonymus.

292 4171 453 4248 Quantum
482 4173 521 4237 ad
544 4176 682 4238 aetatem
705 4175 772 4239 eius
795 4173 850 4257 qui
874 4173 1054 4256 composuit
1075 4175 1238 4255 Aesopum
1260 4170 1352 4260 Lati-¹

205 4298 297 4358 num,
328 4297 453 4338 summa
474 4275 541 4339 eius
564 4274 703 4340 infantia
724 4276 851 4341 videtur
872 4274 1007 4338 indicari
1029 4273 1127 4337 fuisse
1149 4295 1220 4335 eum
1243 4271 1346 4337 Mero-

208 4377 391 4459 vingiorum
413 4381 565 4459 tempore.
610 4375 799 4456 Romulum,
823 4376 879 4460 qui
901 4380 937 4440 ut
959 4374 1250 4457 supramemoravi
1272 4396 1345 4437 ano·
