3354 5204
769 307 801 314 ..-
851 269 974 331 26--

299 431 366 492 sive
388 428 484 491 medii
509 430 580 494 aevi
602 428 741 512 additos,
771 424 826 508 qui
855 445 947 506 saepe
977 423 1053 486 satis
1075 423 1183 506 inepte
1206 446 1273 488 rem
1298 428 1440 506 egerunt,

298 555 370 597 cum
392 532 431 596 ad
453 533 548 600 initia
563 533 768 616 potissimum
781 530 967 614 poematum
983 523 1208 607 inscriptiones
1225 526 1442 591 accommoda-

299 639 387 718 rent3
411 635 452 699 cf.
475 638 576 719 praef.
599 637 712 704 Horat.
737 655 811 721 pag.
834 633 880 719 X;
904 633 1020 701 Catull.
1038 636 1117 720 VII3
1141 633 1230 701 VIII.
1262 629 1306 693 Et
1327 629 1443 694 harum

299 736 482 801 fabularum
510 739 678 806 t'tulorum
706 739 860 805 insulsam
887 738 1082 822 barbariem,
1110 738 1222 822 primis
1253 734 1348 798 medii
1372 735 1441 796 aevi

300 840 434 904 saeculis
471 840 704 928 dignissimam,
742 845 816 930 apte
852 840 916 904 iam
952 841 1142 924 perstrinxit
1172 837 1442 924 Eyssenhardtius

299 939 400 1026 praef.
423 962 476 1028 pg.
500 945 530 1014 4.

846 1117 893 1212 u.

780 1258 969 1308 Auctor.

455 1385 457 1392 '
504 1377 640 1443 exemplis
658 1375 818 1430 continetur
835 1375 939 1442 Aesopi
956 1389 1057 1443 genus3

505 1477 556 1515 nec
574 1460 650 1514 aliud
669 1462 819 1529 quicquam
837 1475 889 1528 per
905 1457 1024 1512 fabellas
1042 1456 1195 1524 quaeritur,

507 1561 592 1614 quam
611 1546 767 1615 corrigatur
785 1561 862 1598 error
880 1545 912 1597 ut
929 1541 1090 1597 mortalium

504 1631 643 1699 acuatque
661 1647 721 1684 sese
741 1629 861 1699 diligens
878 1628 1023 1683 industria.

386 1748 507 1814 Versus
529 1751 651 1834 primus
673 1749 783 1813 multis
806 1749 973 1813 doctorum
995 1745 1226 1830 suspitionibus
1253 1748 1443 1832 exagitatus,

308 1851 372 1934 sed,
396 1854 432 1915 ut
454 1851 532 1915 mihi
556 1852 684 1936 quidem
707 1851 842 1934 videtur,
859 1850 1028 1914 immerito.
1062 1848 1186 1932 Nempe
1202 1870 1274 1912 cum
1289 1852 1446 1934 negarent

302 1953 446 2036 plerique
467 1975 566 2036 perus
587 1953 775 2037 simpliciter
796 1974 889 2037 posse
912 1951 974 2016 diei
996 1973 1054 2035 pro
1072 1957 1185 2034 ,periere
1201 1953 1378 2017 litterarum
1394 1950 1443 2014 vel

301 2056 487 2138 studiorum,
512 2054 677 2120 Bentleius
701 2054 838 2119 coniecit
859 2054 1078 2118 scribendum:
1102 2054 1249 2136 exemplis
1271 2055 1445 2118 continetur

302 2157 477 2221 turnacum
497 2177 603 2238 perros,
628 2159 664 2221 ut
686 2158 860 2221 continetur
883 2158 966 2220 essct
988 2155 1072 2219 idern
1096 2155 1181 2239 quod
1204 2159 1357 2221 coercetur
1378 2155 1444 2219 sive

302 2260 430 2342 rapitur.
476 2257 527 2323 Ita
554 2259 616 2323 dici
643 2280 734 2342 posse
762 2258 850 2323 salva
872 2257 1031 2322 latinitate
1062 2279 1135 2322 enm
1167 2257 1208 2321 sit
1230 2256 1444 2338 manifestum,
1482 2289 1483 2295 κ

302 2381 362 2424 uec
384 2360 500 2430 minus,
524 2360 564 2425 ad
587 2382 715 2425 sensum
739 2359 866 2444 egregie
889 2381 956 2423 esse
979 2362 1091 2441 aptum
1110 2359 1152 2441 id,
1176 2359 1261 2441 quod
1276 2358 1445 2440 proposuit

303 2461 373 2541 ille,
404 2463 515 2525 tamen
547 2461 642 2526 facile
675 2461 867 2527 concedetur
895 2461 1004 2525 omnia
1032 2463 1121 2544 prius
1149 2483 1216 2525 esse
1246 2459 1443 2542 temptanda,

304 2582 400 2643 quam
421 2564 489 2626 tam
511 2562 623 2627 audaci
645 2561 800 2627 utendum
823 2563 1014 2626 commento.
1059 2561 1146 2638 Quae
1169 2561 1255 2625 enim
1276 2564 1368 2625 tanta
1389 2582 1445 2644 po-

304 2663 368 2727 tuit
389 2685 458 2727 esse
479 2663 684 2728 librariorum
707 2663 759 2728 vel
781 2663 919 2728 maxime
941 2664 1183 2748 neglegentium
1205 2663 1360 2745 socordia,
1383 2662 1445 2727 hoc

307 2768 343 2829 ut
364 2764 436 2830 loeo
459 2788 518 2850 pro
541 2767 717 2831 humanum
739 2769 898 2850 ponerent
919 2765 1059 2846 Aesopi?
1103 2767 1279 2849 Aliquanto
1307 2765 1446 2830 deterior
1483 2819 1487 2825 .

304 2869 352 2930 est
375 2864 523 2930 Mauricii
545 2865 689 2951 Hauptii‚
713 2866 905 2950 professoris
920 2866 1138 2931 Berolinensis
1160 2888 1271 2957 recens
1293 2866 1444 2948 defuncti,
1511 2875 1512 2880 ’

304 2966 503 3050 coniectura,
533 2968 588 3052 qui
611 2989 683 3032 cum
706 2968 766 3032 sibi
788 2968 997 3051 persuasisset
1019 2969 1139 3052 Aesopi
1161 2990 1281 3032 nomen
1303 2989 1341 3032 ex
1363 2969 1446 3053 glos-

304 3071 424 3132 semate
446 3075 542 3152 super
563 3064 690 3134 versum
712 3070 818 3152 posito
841 3069 1005 3152 irrepsisse
1028 3069 1063 3132 in
1085 3070 1183 3134 verba
1203 3068 1356 3148 Phaedri,
1385 3072 1445 3133 sta-

303 3171 367 3235 tuit
400 3171 618 3235 scribendum:
653 3173 799 3253 exemplis
831 3173 1005 3236 continetur
1040 3172 1164 3254 apolopr'
1193 3193 1291 3253 pruris
1323 3171 1370 3254 (id
1399 3174 1446 3235 est

304 3272 434 3351 subulae
458 3275 582 3358 percus).
634 3271 759 3356 Nempe
787 3275 824 3336 ut
854 3273 980 3337 mittam
1012 3273 1126 3337 talium
1158 3273 1445 3356 interpolationum

305 3373 451 3456 exempla
480 3372 514 3436 in
543 3372 705 3437 codicibus
727 3373 865 3438 Phaedri
893 3373 1097 3457 quantumvis
1121 3373 1301 3456 depravatis
1323 3373 1377 3436 vix
1399 3374 1446 3436 iu-

306 3473 422 3555 veniri,
454 3474 594 3557 primum
615 3475 761 3558 peccavit
782 3476 832 3538 vir
854 3473 1047 3538 clarissimus
1070 3477 1182 3537 contra
1205 3474 1330 3537 dicendi
1352 3496 1444 3537 usum

304 3574 458 3657 Phaedri,
490 3575 545 3659 qui
573 3576 633 3639 etsi
662 3576 740 3640 alias
768 3577 843 3640 satis
872 3580 920 3640 est
945 3575 1096 3657 frequens
1125 3574 1247 3658 graecis
1270 3575 1444 3656 vocabulis,

304 3698 469 3759 nunquam
502 3679 609 3741 tamen
642 3680 791 3761 poemata
824 3699 881 3741 sua
908 3675 1091 3760 appellavit
1104 3677 1167 3741 nisi
1189 3677 1290 3741 latino
1313 3677 1445 3740 nomine

301 3777 488 3858 fabularum
521 3777 589 3841 sive
620 3778 826 3868 fabellarum,
861 3777 975 3842 deinde
1009 3782 1121 3843 eontra
1153 3779 1319 3842 metricam
1345 3781 1444 3841 artem

305 3877 462 3962 eiusdem,
492 3879 567 3962 quia
596 3901 761 3962 nunquam
791 3878 920 3944 admisit
948 3880 1062 3963 quinto
1089 3879 1170 3962 pede
1197 3878 1388 3944 vocabulum
1411 3879 1445 3941 in

305 3979 447 4043 iambum
470 3979 593 4062 exiens,
624 4003 687 4064 qua
714 3981 749 4044 in
776 4002 810 4044 re
839 3981 868 4044 ei
897 3980 1049 4045 convenit
1071 4003 1143 4044 eum
1166 3981 1235 4044 aliis
1258 3979 1446 4063 quibusdam

305 4079 410 4164 poetis
444 4080 554 4145 latinis
587 4080 645 4166 (ef.
678 4081 779 4164 praef.
811 4080 930 4146 Phaed.
963 4101 1035 4165 pag.
1059 4081 1151 4164 VIII,
1174 4081 1244 4160 IX).
1287 4080 1446 4164 Equidem

307 4179 482 4265 aliquando
500 4181 697 4247 conieceram
714 4204 779 4245 uua
793 4182 886 4246 litera
901 4185 1024 4247 mutata
1039 4204 1107 4246 esse
1122 4181 1324 4247 scribendum
1333 4202 1444 4264 peuce,

305 4281 399 4346 sicuti
422 4282 502 4347 dixit
516 4281 682 4346 Phaedrus
705 4282 797 4347 initio
822 4283 942 4366 operis:
965 4283 1107 4365 Aesopus
1129 4289 1238 4348 uector
1260 4304 1356 4365 quum
1378 4303 1445 4346 ruu-

306 4382 419 4447 rer-tam
440 4383 585 4466 repperit.
631 4381 746 4450 Obstat
767 4387 875 4449 tamen
898 4383 973 4448 huic
995 4383 1213 4466 coniecturae,
1242 4383 1328 4466 quod
1345 4403 1448 4469 pertus
