3354 5204
401 441 520 506 Aviani
542 440 666 504 fabulas
689 463 727 504 ex
750 441 860 506 eodem
883 441 1004 525 codice,
1026 440 1111 505 unde
1134 440 1286 524 Phaedri,
1315 445 1457 524 sumptas

318 565 386 607 esse
408 566 427 607 a
449 543 582 608 Perotto
605 565 672 607 non
694 546 802 626 potest
824 542 1044 607 demonstrari.
1078 542 1121 608 Et
1143 543 1244 608 multa
1266 546 1335 607 tum
1357 546 1458 608 exsta·

317 645 396 709 bant
417 644 504 709 illius
526 645 729 728 exemplaria.

402 745 552 811 Ceterum
567 744 717 830 codicem,
741 767 804 829 quo
819 746 970 811 Perottus
990 769 1065 812 usus
1088 751 1144 831 est,
1159 745 1338 820 ¹admodum
1360 746 1457 811 fuisse

316 848 465 913 mutilum
495 847 618 931 pridem
646 847 831 912 intellexere
860 847 955 934 docti.
1000 847 1085 913 Nam
1115 847 1243 914 defuere
1272 847 1302 912 ei
1334 849 1458 931 praeter

317 950 381 1014 alia
402 949 546 1014 carmina
567 948 726 1014 nonnulla
747 953 834 1014 totus
863 951 944 1014 liber
965 949 996 1029 Ι,
1019 950 1093 1014 libri
1114 949 1147 1014 ΙΙ
1173 949 1237 1014 fab.
1264 949 1372 1032 1-53
1400 947 1458 1031 IV,

318 1051 439 1134 1-19;
462 1050 623 1136 V,6-11
640 1050 702 1136 (ed.
716 1050 827 1134 Orell.)
838 1051 874 1137 ¹).
911 1050 1098 1116 Notandum
1119 1054 1284 1135 praeterea
1298 1051 1333 1114 in
1348 1051 1459 1114 charta

320 1153 376 1217 illa
392 1153 501 1217 omnia
524 1175 561 1216 ea
583 1152 685 1216 videri
707 1152 854 1232 defuisse,
879 1175 959 1237 quae
975 1152 1016 1217 ad
1037 1153 1137 1218 vitam
1152 1156 1184 1218 et
1198 1155 1335 1218 aetatem
1358 1152 1459 1236 ipsius

316 1253 455 1318 Phaedri
476 1253 699 1319 illustrandam
720 1255 945 1338 pertinerent,
963 1276 1068 1337 neque
1097 1252 1271 1339 quidquam
1299 1257 1459 1318 servatum

318 1378 356 1419 ex
388 1355 533 1440 prologis
566 1360 598 1421 et
630 1356 783 1441 epilogis,
817 1356 880 1421 nisi
913 1378 994 1440 quae
1027 1356 1067 1422 ad
1100 1356 1244 1440 quemvis
1277 1355 1460 1420 fabularum

319 1457 507 1540 scriptorem
538 1461 671 1541 possent
706 1457 801 1522 trahi.
850 1457 948 1524 Cuius
980 1459 1027 1522 rei
1059 1457 1146 1522 aliud
1179 1457 1333 1521 indicium
1364 1479 1460 1540 quam

319 1559 456 1624 maxime
478 1559 622 1624 notabile
644 1559 707 1624 hoc
729 1562 793 1639 est,
822 1561 908 1644 quod
929 1561 964 1625 in
985 1560 1170 1626 narratione
1193 1558 1253 1639 rei,
1284 1581 1380 1642 quam
1403 1581 1460 1622 sua

318 1663 422 1726 aetate
450 1664 554 1725 actam
582 1661 695 1726 asserit
716 1661 881 1726 Phaedrus
902 1662 961 1746 ΙΙΙ,
987 1663 1036 1745 10,
1059 1685 1089 1727 v.
1113 1662 1154 1726 39
1182 1683 1204 1727 a
1225 1662 1295 1726 dieo
1317 1660 1461 1744 Aupusto

319 1766 392 1826 triac
401 1764 518 1844 petiere
533 1764 650 1828 iudices
665 1763 711 1828 ita
728 1763 847 1848 legitur
869 1765 1073 1829 immutatus:
1089 1765 1271 1848 pontificem
1285 1765 1461 1828 monimum

317 1869 473 1946 repararet
500 1866 627 1930 iudices.
672 1864 765 1930 Hanc
794 1866 880 1930 enim
907 1865 1189 1950 interpolationem
1212 1865 1378 1949 indignam
1400 1863 1460 1928 Pe-

319 1968 406 2030 rotto
435 1969 468 2030 et
496 1988 534 2030 ex
562 1968 736 2051 archetypo
765 1968 833 2033 eius
861 1966 979 2032 codicis
1010 1967 1138 2032 ductam
1169 1967 1265 2051 plane
1298 1966 1461 2030 adsentior

318 2066 440 2132 Rothio
464 2067 531 2152 (pg.
554 2069 627 2151 534,
650 2092 681 2133 n.
708 2071 774 2152 11).
814 2067 939 2134 Similia
960 2091 1036 2134 mox
1058 2069 1092 2133 in
1114 2069 1301 2153 paraphrasi
1323 2067 1461 2132 Phaedri

317 2167 499 2233 fabularum
527 2170 777 2234 observabimus.
828 2169 969 2256 Prologo
1004 2175 1110 2236 autem
1139 2171 1262 2235 Perotti
1295 2171 1330 2233 in
1361 2169 1461 2252 ipsius

320 2293 395 2335 usus
417 2291 572 2336 conversa
594 2271 802 2336 continentur
823 2272 978 2357 quaedam
1002 2294 1040 2337 ex
1062 2271 1235 2356 prooemiis
1250 2270 1271 2334 l.
1286 2269 1344 2353 III,
1359 2268 1460 2351 IV,V

318 2371 472 2455 Phaedri,
505 2376 542 2438 ut
573 2373 608 2437 in
636 2374 772 2459 prologo
805 2374 1034 2459 paraphrastes
1067 2394 1106 2436 ex
1136 2372 1220 2437 libro
1242 2370 1292 2435 ΙΙΙ
1319 2369 1461 2435 eiusdem
1493 2451 1496 2456 Ι

319 2473 421 2556 petita
443 2478 476 2538 et
503 2496 541 2538 ex
572 2495 690 2559 magna
717 2480 808 2559 parte
836 2475 945 2539 eadem
968 2477 1150 2540 occurrunt.
1193 2472 1307 2557 Neque
1328 2472 1391 2536 hoc
1413 2472 1461 2536 in·

320 2574 453 2659 dignum
481 2576 648 2660 memoria,
676 2575 777 2641 videri
806 2581 837 2640 et
858 2575 1026 2641 Perottum
1056 2580 1088 2640 et
1113 2574 1346 2659 paraphrasten
1368 2595 1462 2638 usum

319 2676 427 2741 codice
454 2676 592 2742 Phaedri
624 2676 696 2760 tali,
730 2678 764 2743 in
798 2699 861 2761 quo
895 2678 1015 2763 epilogi
1048 2678 1122 2742 libri
1151 2677 1182 2741 ll
1208 2677 1305 2760 primi
1334 2679 1461 2740 tantum

320 2781 474 2862 quattuor
500 2799 611 2843 versus
638 2784 754 2844 essent.
799 2779 912 2864 Itaque
940 2779 1165 2863 paraphrastes
1199 2783 1235 2842 ut
1268 2799 1365 2861 supra
1397 2777 1462 2840 dixi

319 2879 446 2944 videtur
474 2902 541 2945 esse
570 2903 645 2945 usus
674 2882 756 2946 libro
783 2903 852 2946 non
874 2883 920 2946 ita
942 2880 1067 2944 diverso
1090 2881 1130 2943 ab
1153 2879 1326 2963 archetypo
1349 2879 1462 2943 antho-

320 2981 426 3066 logiae
448 2981 643 3046 Perottinae.
688 2981 757 3048 Nec
779 3004 856 3048 vero
879 2982 1105 3063 omittendum,
1137 2981 1293 3065 quaedam
1315 2981 1350 3044 in
1372 2979 1462 3043 libris

227 3161 237 3176 ·
319 3082 500 3148 Pithoeano
518 3104 555 3150 ac
569 3081 720 3148 Remensi
743 3087 894 3167 corrupta
915 3085 1034 3148 rectius
1055 3082 1151 3147 scribi
1172 3083 1293 3166 pariter
1314 3083 1349 3148 in
1371 3103 1462 3165 para·

320 3184 430 3268 phrasi
452 3206 488 3249 ao
510 3186 705 3250 membranis
728 3185 851 3250 Perotti
874 3184 929 3270 (cf.
952 3182 1051 3250 Roth.
1074 3205 1128 3269 pg.
1144 3185 1223 3267 535,
1245 3185 1287 3249 ib.
1310 3187 1379 3248 not.
1398 3183 1461 3267 13).

407 3285 577 3352 Praeterea
598 3288 776 3352 notandum
802 3289 837 3351 in
865 3286 973 3352 codice
995 3287 1163 3351 Perottinc
1189 3285 1374 3370 promythia
1396 3284 1462 3348 sive

322 3387 499 3471 epimythia
526 3389 659 3453 metrica
680 3387 818 3453 Phaedri
845 3388 953 3452 deesse
980 3389 1167 3471 exceptione
1194 3387 1249 3451 vix
1275 3386 1342 3449 ulla
1367 3385 1461 3466 facta,

321 3489 449 3572 qualem
472 3511 549 3554 sane
571 3490 669 3554 habes
692 3513 764 3575 app.
791 3491 838 3573 12,
858 3493 887 3555 Ι.
930 3489 980 3556 Ea
1001 3488 1140 3573 pedestri
1162 3508 1308 3552 sermone
1329 3507 1462 3570 praepo·

322 3591 384 3655 sita
406 3593 482 3655 sunt
503 3591 581 3674 ipsis
602 3592 769 3674 poematis.

406 3691 483 3758 Fuit
504 3695 611 3758 autem
634 3692 750 3776 codex,
780 3715 844 3776 quo
867 3715 942 3758 usus
965 3696 1015 3757 est
1035 3692 1200 3775 Perottus,
1224 3691 1320 3775 plane
1342 3696 1379 3754 ut
1394 3689 1463 3772 ,Da-

321 3794 415 3860 nielis
438 3816 506 3858 non
528 3795 740 3878 spernendus,
769 3794 904 3860 inferior
931 3798 1040 3859 tamen
1067 3793 1233 3878 aliquanto
1259 3797 1292 3857 et
1312 3791 1463 3857 Remensi

322 3899 354 3960 et
369 3895 559 3961 Pithoeano.
594 3894 678 3960 Nam
694 3918 798 3980 neque
820 3895 1125 3980 interpolationibus
1146 3917 1251 3978 neque
1274 3891 1463 3975 corruptelis

323 3998 435 4081 caruit,
460 3992 596 4082 quorum
618 4019 770 4062 numerus
792 4003 840 4063 est
861 4007 972 4064 auctus
994 3997 1119 4061 Perotti
1141 3996 1245 4078 culpa,
1269 3995 1324 4077 qui
1346 3993 1463 4076 partim

321 4099 452 4166 leuitate
474 4098 639 4180 inductuS,
671 4100 790 4184 partim
819 4099 993 4185 cupiditate
1023 4097 1141 4160 vitiosa
1168 4095 1317 4177 sanandi,
1345 4094 1462 4178 partim

321 4201 484 4284 imperitia
509 4202 555 4266 rei
582 4202 731 4267 metricae
759 4202 920 4285 prioribus
948 4199 1035 4264 vitiis
1063 4219 1149 4264 nova
1176 4194 1306 4261 addidit.
1350 4196 1463 4276 Itaque

323 4341 521 4354 ——q--n—-n

392 4423 414 4492 ¹)
434 4421 475 4478 Cf.
492 4421 573 4478 Roth.
594 4421 613 4476 l.
632 4439 679 4488 m,
698 4438 745 4494 pg.
764 4428 822 4476 5³3,
