3354 5204
764 234 976 298 —14-

379 386 472 462 Quod
500 386 566 450 dixi
592 387 627 451 in
653 387 854 470 praefatione
887 387 1039 452 editionis
1066 409 1155 452 meae
1183 407 1237 472 pg.
1261 387 1309 453 VI
1337 387 1437 453 rideri

295 489 462 555 Perottum
476 511 570 554 usum
586 489 774 574 apographo
789 488 938 554 mutilato
955 490 1072 554 codicis
1095 489 1260 573 archetypi
1282 489 1438 555 librorum

197 601 200 621 '
294 589 462 655 Remensis
486 613 523 654 66
545 590 727 674 Pithoeani,
749 593 819 654 tum
842 590 1000 672 confect0,
1024 612 1097 654 cum
1119 594 1202 654 esset
1223 590 1351 675 integer
1372 592 1436 674 ille,

295 693 392 756 etiam
413 714 500 757 nuno
521 692 688 776 probabile
712 713 779 756 esse
802 692 966 774 existimo,
996 694 1128 774 excepto
1157 690 1243 775 quod
1270 692 1333 755 iam
1356 691 1436 756 mihi

294 797 343 858 est
364 815 552 877 persuasum
573 794 673 858 libros
690 792 831 856 Gallicos
853 814 921 857 non
944 813 982 855 ex
1005 813 1043 856 eo
1066 793 1146 876 ipso,
1169 791 1253 856 unde
1276 793 1435 857 Perottini

294 895 495 978 archetypus,
518 894 695 980 descriptos
712 893 830 978 codice,
852 893 907 958 sed
922 916 962 958 ex
977 894 1167 978 anthologia
1189 894 1263 958 inde
1278 894 1435 978 decerpta.

252 1074 254 1077 ι
294 995 431 1060 Perinde
454 989 540 1059 e'nim
562 998 595 1060 et
617 995 651 1059 in
671 987 842 1059 Perottino
866 996 974 1060 codice
997 999 1030 1060 et
1051 996 1086 1059 in
1103 995 1235 1059 Gallicis
1257 1016 1361 1078 saepe·
1373 1017 1437 1058 me·

294 1100 379 1160 trum
401 1096 584 1161 fabularum
603 1099 652 1160 est
667 1117 812 1160 eversum
834 1100 958 1162 mutato
981 1108 1100 1162 temere
1123 1095 1240 1160 ordine¹
1256 1096 1435 1161 verborum.

293 1197 401 1262 Etiam
428 1198 491 1262 hoc
518 1197 711 1282 notandum,
741 1199 826 1282 quod
853 1199 888 1263 iu
915 1199 1120 1264 hemistichio
1145 1199 1226 1281 forte
1254 1199 1436 1276 occucurrit,

295 1301 381 1383 quod
404 1320 573 1364 commune
596 1303 644 1363 est
665 1300 793 1364 fabulae
818 1301 835 1364 7
858 1300 933 1363 libri
947 1299 997 1364 ΠΙ
1019 1304 1051 1364 61
1072 1302 1113 1364 31
1136 1298 1332 1383 appendicis,
1354 1298 1437 1382 pari·

293 1404 343 1464 ter
359 1400 474 1464 Gallici
496 1399 571 1463 libri
593 1404 627 1464 et
640 1399 873 1484 Neapolitanus
895 1401 1017 1466 habent
1031 1403 1167 1466 occurrit
1179 1421 1238 1483 pro
1255 1401 1436 1482 occucurrit,

294 1505 331 1565 ut
353 1501 449 1564 etiam
472 1501 507 1565 in
522 1499 682 1566 Vaticano
696 1501 822 1566 Perotti
838 1502 947 1567 codice
963 1503 1095 1567 eandem
1118 1501 1291 1565 lectionem
1313 1511 1436 1568 exstare

292 1624 479 1685 persuasum
507 1601 657 1686 habeam,
685 1625 757 1668 cum
784 1604 972 1686 praesertim
994 1604 1120 1669 constet
1141 1601 1264 1666 Maium
1286 1624 1380 1686 saepe
1401 1603 1436 1666 in

293 1703 469 1768 referendis
505 1703 698 1768 lectionibus
735 1704 879 1768 codicum
916 1705 955 1769 ab
996 1707 1067 1789 ipso
1104 1703 1322 1768 adhibitorum
1358 1704 1435 1768 satis

294 1826 413 1890 magna
434 1827 528 1868 usum
550 1805 690 1871 levitate.

339 1916 341 1922 ’
376 1904 446 1970 Iam
468 1905 638 1971 dicendum
661 1907 700 1970 de
722 1907 922 1990 pedestribus
944 1905 1083 1970 Phaedri
1105 1906 1285 1971 fabularum
1309 1927 1435 1970 enarra·

291 2007 444 2092 tionibus,
468 2008 583 2092 quibus
606 2008 708 2072 multo
730 2009 833 2093 magis
856 2030 952 2092 quam
974 2008 1052 2092 ipsis
1070 2007 1138 2072 eius
1153 2008 1281 2091 scriptis
1296 2008 1346 2070 usi
1361 2011 1436 2072 sunt

167 2157 172 2170 ,
292 2108 389 2176 medii
419 2100 491 2173 aevi
518 2108 667 2174 homines
697 2110 792 2175 docti.
836 2109 894 2174 De·
907 2109 959 2174 his
982 2131 1054 2174 cum
1075 2109 1221 2173 nondum
1243 2131 1435 2193 quemquam

291 2211 370 2276 satis
391 2213 477 2274 recte
499 2211 655 2275 iudicasse
678 2212 873 2296 existimem,
901 2211 982 2274 mihi
1008 2210 1137 2294 quidem
1158 2210 1205 2274 ite
1225 2210 1352 2273 videtur
1374 2213 1435 2274 sta-

291 2311 455 2376 tuendum.
499 2311 612 2397 Itaque
641 2313 865 2398 antiquissima
893 2321 926 2376 et
954 2332 1035 2395 quae
1063 2311 1208 2394 proxime
1237 2311 1369 2375 accedat
1395 2311 1435 2375 ad

292 2414 474 2496 exemplum
496 2413 634 2478 Phaedri
661 2436 698 2478 ea
726 2414 907 2478 fabularum
935 2416 984 2476 est
1012 2412 1150 2497 sylloge,
1185 2433 1266 2494 quae
1293 2412 1434 2495 quinque

291 2515 381 2579 libris
405 2517 556 2580 constans
579 2514 618 2578 ad
641 2514 822 2598 exemplum
840 2506 982 2578 'Phaedri
1008 2535 1077 2578 non
1103 2517 1175 2578 tote
1202 2512 1345 2598 quidem,
1381 2513 1436 2578 sed
1463 2540 1465 2544 ’

292 2639 331 2681 ex
362 2611 481 2701 magna
512 2622 603 2699 parte
636 2615 756 2680 tradita
788 2618 837 2680 est
868 2615 977 2681 codice
1006 2613 1314 2698 Wissemburgensi,
1348 2636 1435 2679 nunc

293 2716 553 2802 Guelferbitano,
591 2717 646 2800 qui
682 2717 801 2782 saeculi
828 2717 858 2782 X
889 2717 983 2782 initio
1017 2721 1064 2780 est
1098 2717 1307 2800 conscriptus.
1355 2716 1434 2781 Eius

196 2866 198 2877 Α
236 2878 239 2886 ,
292 2813 414 2902 auctor,
437 2820 513 2903 quia
533 2822 661 2902 praeter
675 2818 856 2883 Phaedrum
879 2820 976 2884 etiam
998 2818 1069 2882 aliis
1091 2818 1237 2883 fontibus
1260 2821 1328 2882 erat
1348 2840 1433 2901 usuS,

293 2921 415 3004 Aesopi
450 2921 582 2984 nomine
618 2922 724 2984 totum
759 2920 941 2984 fabularum
973 2941 1088 3003 corpus
1120 2919 1284 3003 inscripsit
1316 2920 1433 2985 omisso

291 3022 423 3087 nomine
455 3021 598 3104 proprio.
649 3021 698 3086 Ob
731 3020 765 3084 id
796 3022 901 3104 ipsum
934 3019 1009 3107 (nec
1037 3021 1123 3085 enim
1155 3020 1266 3085 fraude
1295 3021 1327 3084 id
1354 3023 1433 3104 puto

291 3123 428 3208 factum)
464 3123 616 3188 historias
650 3145 669 3188 a
696 3122 841 3187 Phaedro
875 3123 1009 3208 relatas,
1047 3144 1129 3207 quae
1165 3127 1274 3207 aperte
1311 3122 1433 3188 alienae

292 3218 399 3291 essent
426 3225 467 3289 ab
495 3226 640 3308 Aesopo,
669 3225 779 3289 omisit
806 3246 932 3308 omnes;
961 3228 1017 3290 aut
1043 3225 1072 3289 si
1093 3224 1234 3308 admisit,
1263 3224 1434 3288 subtractis

292 3327 485 3392 nominibus.
528 3325 566 3390 Id
589 3326 726 3390 maxime
749 3330 883 3409 apparet
905 3348 944 3390 ex
965 3327 1148 3391 narratione
1177 3325 1215 3389 de
1243 3324 1336 3389 leone
1363 3345 1433 3409 gra-

292 3431 353 3494 tias
375 3428 534 3492 referente
557 3427 682 3493 homini
705 3426 783 3512 (ΠΙ,
808 3428 856 3515 1),
886 3450 949 3511 qua
976 3428 1145 3511 respicitur
1172 3425 1307 3490 historia
1333 3425 1433 3489 notis-

292 3532 373 3596 sima
394 3529 433 3595 de
451 3529 615 3594 Androclo
639 3527 695 3614 (cf.
713 3526 823 3593 Senec.
842 3529 880 3593 de
903 3529 1009 3593 benef.
1025 3528 1066 3612 H,
1085 3529 1139 3612 193
1164 3527 1245 3592 Gell.
1261 3532 1346 3591 noct.
1363 3528 1431 3591 Att.

295 3633 334 3714 V,
352 3632 415 3718 14),
438 3653 534 3715 quam
557 3630 705 3715 Caligula
726 3631 904 3713 imperante
927 3630 1070 3694 evenisse
1093 3630 1219 3694 scimus.
1256 3629 1300 3694 Et
1320 3633 1433 3694 notum

293 3737 341 3798 est
362 3733 545 3798 Phaedrum
566 3732 760 3815 aliquotiens
780 3755 838 3796 suo
860 3735 1004 3816 tempore
1027 3741 1098 3797 acta
1119 3733 1248 3799 referre.
1276 3770 1311 3780 -
1339 3732 1433 3800 Prac-

292 3839 380 3902 terea
402 3835 558 3917 carmina,
582 3834 698 3918 quibus
721 3831 759 3896 de
781 3855 814 3897 se
834 3834 1038 3917 potissimum
1058 3835 1203 3920 loquitur
1224 3835 1321 3899 homo
1345 3857 1433 3899 sane·

293 3959 390 4020 quam
412 3957 523 4000 amans
545 3935 610 4019 sui,
640 3937 696 3998 aut
718 3935 835 4000 omissa
856 3939 932 4000 sunt
954 3959 973 4000 a
994 3936 1216 4020 paraphrasis,
1247 3937 1302 4019 qui
1324 3939 1433 3999 tamen

292 4038 458 4102 nonnullis
481 4058 606 4116 eorum,
629 4057 710 4120 quae
733 4036 865 4101 suntin
887 4039 1060 4119 prooemiis
1082 4037 1157 4101 libri
1171 4037 1187 4100 Ι
1202 4040 1235 4100 61
1248 4035 1306 4115 III,
1331 4037 1433 4101 utitur

292 4135 485 4224 inprologo
508 4142 541 4202 et
563 4138 603 4221 V,
626 4139 663 4220 6,
691 4141 747 4202 aut
768 4137 949 4222 immutata,
973 4139 1070 4203 semel
1094 4160 1167 4202 cum
1188 4159 1306 4223 magna
1327 4159 1432 4202 socor-

264 4301 270 4319 ,
293 4241 354 4304 dia.
400 4239 484 4305 Nam
507 4263 546 4305 ex
567 4238 705 4304 Phaedri
726 4238 785 4320 ΙΠ,
809 4241 858 4324 12,
881 4241 916 4305 8:
939 4241 995 4306 hoo
1016 4243 1081 4308 illis
1102 4261 1201 4305 uarro
1224 4242 1279 4322 qai
1300 4260 1347 4304 66
1368 4259 1432 4302 oca

293 4343 491 4426 intellegant,
514 4342 591 4406 fecit
612 4340 851 4426 paraphrastes:
880 4343 955 4408 llaec
976 4344 1041 4408 illis
1062 4343 1203 4430 Aesopus
1224 4344 1353 4423 narrat,
1376 4342 1432 4428 qui
