3354 5204
681 309 867 372 „9-

206 461 347 525 dubium.
385 459 482 525 Cuius
506 459 633 544 quidem
655 465 766 525 auctor
788 485 826 524 ex
849 461 957 526 codice
979 461 1122 546 pleniore
1146 463 1271 527 videtur
1294 487 1346 528 eas

205 562 341 626 Phaedri
369 563 502 648 elegisse
531 564 671 645 fabulae,
701 586 781 646 quae
813 563 874 646 ipsi
903 563 1039 626 maxime
1069 563 1185 647 dignae
1214 567 1346 650 cognitu

207 665 398 730 viderentur.
432 665 609 748 Aliquanto
632 663 765 728 minoris
788 667 837 728 est
858 664 955 748 pretii
978 664 1088 728 charta
1102 655 1257 750 Danielis,
1280 689 1345 732 sae-

205 768 269 832 culi
290 767 370 850 XII,
401 787 481 850 quae
508 769 632 848 partem
660 766 737 830 satis
764 788 896 849 parvam
929 766 1110 830 fabularum
1144 766 1218 830 libri
1250 769 1346 851 primi

204 865 365 952 continet,
399 889 501 951 neque
531 867 633 930 caruit
664 867 904 950 interpolatoris
932 868 1081 946 audacia,
1116 871 1152 931 ut
1178 871 1287 933 tamen
1315 874 1347 933 et

206 971 275 1054 ipsa
303 969 427 1052 aliquot
455 969 599 1053 egregias
626 968 808 1052 suppeditet
834 969 996 1037 lectiones.
1042 969 1191 1034 Ceterum
1226 969 1263 1033 de
1295 970 1346 1034 his

205 1071 368 1136 codicibus
397 1070 574 1134 accuratius
603 1069 755 1134 disserere
782 1092 849 1135 non
877 1075 926 1136 est
952 1072 987 1135 in
1021 1071 1142 1149 animo,
1175 1093 1216 1134 ne
1249 1072 1346 1135 nimis

204 1173 423 1256 exspatientur
445 1170 678 1235 dissertationis
700 1193 789 1235 meae
811 1172 905 1256 fines,
934 1195 1007 1237 oum
1029 1173 1215 1254 praesertim
1238 1173 1347 1236 omnia

202 1275 241 1338 ad
270 1273 499 1338 accuratiorem
529 1295 639 1336 eorum
672 1273 820 1356 peritiam
852 1274 1048 1357 pertinentia
1080 1274 1285 1338 inveniantur
1311 1274 1346 1338 in

204 1375 368 1440 Orelliana
389 1375 544 1457 Phaedri,
568 1375 707 1438 editione
731 1375 807 1438 anni
833 1375 925 1458 1831,
953 1375 1040 1439 etin
1064 1375 1171 1440 addita
1198 1375 1345 1460 proximo

207 1499 291 1541 anno
315 1476 498 1560 appendice.

289 1577 351 1643 Sed
373 1578 469 1662 longe
492 1577 638 1661 pluribus
661 1577 699 1641 de
714 1576 873 1642 Perottini
897 1577 1014 1642 codicis
1036 1577 1154 1642 fabulis
1177 1577 1269 1642 etde
1292 1601 1345 1660 pa·

202 1680 347 1764 raphrasi
375 1679 513 1744 Phaedri
542 1679 696 1762 pedestri,
727 1700 808 1763 quae
836 1679 941 1744 medio
971 1702 1050 1744 aevo
1073 1681 1237 1764 provenit,
1266 1679 1346 1744 mihi

204 1781 297 1845 video
321 1781 490 1866 agendum,
518 1781 636 1865 quippe
660 1781 697 1844 de
721 1781 835 1864 quibus
858 1782 909 1845 vel
931 1781 1026 1845 hodie
1049 1781 1217 1845 hominum
1240 1781 1346 1846 docto·

205 1905 276 1946 rum
298 1884 333 1946 in
355 1883 585 1947 diversissimas
608 1886 715 1966 partes
737 1883 856 1947 abeant
877 1881 1005 1949 iudicia.

289 1982 392 2058 Quam
406 1988 530 2066 partem
546 1983 773 2067 disputationis
789 1987 962 2067 antequam
978 1983 1156 2069 aggrediar,
1173 1988 1209 2048 ut
1219 1985 1346 2069 magnis

203 2084 352 2148 laudibus
375 2084 452 2148 mihi
475 2089 523 2148 est
545 2085 704 2149 efferenda
725 2085 880 2149 Ludovioi
902 2083 1015 2149 Rothii
1041 2085 1209 2170 diligentia
1231 2089 1262 2150 et
1285 2087 1346 2150 sol-

191 2185 308 2268 lertia,
333 2185 389 2268 qui
411 2185 445 2249 in
461 2185 625 2270 Philologi
639 2185 665 2269 I,
681 2187 743 2251 523
759 2208 828 2270 sqq.
852 2185 1015 2251 decadem
1037 2209 1072 2250 re
1095 2188 1171 2271 egit,
1195 2187 1240 2250 ita
1263 2188 1345 2251 male

202 2286 443 2371 imprecandum
465 2287 690 2373 neglegentiae
707 2288 956 2372 et‘ignorantiae
971 2287 1150 2352 Hermanni
1166 2287 1343 2372 Oesterleii,

203 2387 258 2470 qui
280 2388 315 2450 in
337 2387 420 2452 libro
444 2389 588 2453 Berolini
611 2411 639 2453 a.
666 2389 748 2454 1870
770 2389 869 2468 edite,
905 2389 956 2453 oui
978 2390 1167 2473 inscriptum
1190 2393 1238 2454 est
1260 2388 1345 2472 „Ro-

202 2489 316 2553 mulus.
360 2488 422 2554 Die
449 2489 672 2574 Paraphrascn
700 2489 754 2554 des
782 2489 947 2554 Phaedrus
977 2490 1043 2555 und
1071 2490 1121 2555 die
1149 2491 1345 2576 Aesopisehe
1466 2522 1470 2527 ·

202 2589 300 2655 Pabel
323 2591 367 2653 im
390 2589 613 2673 Mittelalter“,
643 2591 725 2655 nihil
747 2591 897 2676 protulit,
921 2593 1006 2676 quod
1029 2593 1251 2677 quaestionem
1273 2615 1346 2676 pro·
1412 2651 1415 2658 ,

202 2691 340 2774 positam
363 2691 534 2773 expediret.
580 2691 664 2766 Quid
686 2693 772 2776 quod
793 2693 878 2757 idem
898 2715 939 2758 ne
967 2694 1060 2758 novit
1082 2693 1211 2777 quidem
1234 2694 1345 2758 disser-

203 2791 360 2856 tationem
375 2790 509 2856 Rothii?
533 2792 734 2877 Quamquam
749 2794 846 2858 etiam
866 2795 901 2859 in
922 2795 983 2860 hac
1004 2794 1090 2859 haud
1111 2817 1214 2878 pauca
1235 2797 1346 2860 insunt

206 2915 286 2976 quae
309 2892 402 2958 aliter
424 2895 543 2978 scripta
567 2895 693 2960 vellem.

286 2993 400 3078 Itaque
427 2997 566 3079 primum
595 3001 644 3061 est
670 2996 910 3062 memorandum
937 2998 1039 3063 videri
1061 2995 1229 3064 Perottum
1251 3022 1344 3064 usum
1391 3001 1394 3006 '

155 3109 158 3116 '
202 3096 310 3160 codice
337 3096 476 3160 Phaedri
504 3097 645 3180 quinque
674 3099 771 3163 etiam
799 3100 889 3164 libris
916 3103 1082 3164 constante
1110 3122 1170 3165 nec
1198 3101 1344 3165 dissimili
1437 3171 1447 3188 ο

204 3197 282 3280 eius,
300 3220 338 3261 ex
354 3220 417 3281 quo
433 3198 594 3281 pedestres
609 3202 722 3282 po'e'tae
738 3202 948 3284 paraphrases
962 3201 1091 3264 fluxisse
1111 3201 1196 3265 inira
1211 3202 1342 3267 docebo

286 3298 328 3364 Ei
356 3303 462 3363 utrum
490 3299 589 3364 fuerit
610 3301 748 3364 auctoris
776 3302 826 3365 vel
848 3303 970 3386 Aesopi
992 3302 1043 3366 vel
1065 3302 1204 3367 Phaedri
1225 3326 1344 3369 nomen

202 3397 344 3464 additum
373 3421 474 3464 necne
500 3423 567 3466 non
595 3401 671 3466 satis
699 3405 834 3467 constat.
879 3402 964 3468 Nam
987 3405 1072 3489 quod
1095 3402 1172 3468 dicit
1194 3405 1344 3470 Perottus

202 3503 338 3584 Aesopi,
369 3501 487 3566 Avieni
516 3505 549 3566 et
569 3502 707 3567 Phaedri
729 3526 796 3568 essc
818 3504 956 3585 fabulas,
986 3506 1092 3588 potuit
1114 3505 1185 3570 ideo
1209 3505 1281 3570 addi
1303 3508 1343 3571 alo

203 3623 241 3665 eo
265 3603 385 3686 Aesopi
405 3625 534 3686 nomen,
557 3605 633 3687 quia
655 3605 707 3669 hic
730 3604 910 3671 aPhaedro
933 3607 1053 3691 pariter
1075 3610 1107 3670 et
1121 3608 1249 3672 Aviano
1269 3608 1344 3673 dici·-

202 3707 255 3766 tur
279 3708 390 3768 auctor
405 3709 438 3768 et
451 3705 602 3770 inventor
623 3706 717 3770 huius
741 3707 867 3791 generis
890 3709 1077 3772 studiorum.
1109 3707 1171 3773 Sed
1194 3711 1280 3774 enim
1302 3733 1343 3774 ne

202 3801 341 3868 Phaedri
364 3805 492 3888 quidem
514 3807 677 3871 mentione
700 3809 739 3870 ab
762 3809 873 3872 eodem
895 3809 1028 3874 Perotto
1054 3809 1140 3875 facta
1162 3813 1249 3875 certo
1271 3834 1343 3894 pro·

203 3905 296 3968 batur
323 3905 421 3970 fuisse
450 3907 518 3970 eius
546 3927 665 3972 nomen
692 3908 727 3972 in
755 3909 862 3974 codice
892 3910 1073 3975 fabularum
1100 3903 1163 3994 quo
1192 3935 1267 3976 usus
1296 3916 1344 3976 est

202 4003 266 4070 ille.
310 4005 397 4070 Nam
419 4007 503 4072 idem
526 4030 564 4072 ex
586 4008 786 4092 praefatione
809 4011 928 4076 Aviani
950 4012 1057 4095 potuit
1079 4013 1223 4096 depromi
1245 4037 1264 4077 a
1286 4013 1343 4078 Pe-

201 4108 296 4170 rott0.
347 4109 395 4172 Ac
422 4112 532 4174 tamen
558 4111 661 4195 magis
689 4111 829 4175 adducor
856 4115 893 4176 ut
921 4112 1046 4177 credam
1076 4113 1174 4178 fuisse
1205 4113 1343 4179 Phaedri

152 4245 155 4248 -
201 4228 321 4272 nornen
343 4209 377 4273 in
399 4209 559 4276 Perottini
588 4211 706 4276 codicis
729 4213 903 4298 archetypo
932 4215 1083 4298 positum.
1128 4213 1235 4279 Minus
1258 4219 1342 4280 certe

200 4309 264 4372 fuit
285 4331 397 4375 causae
421 4333 477 4376 cur
499 4312 551 4377 hic
573 4314 783 4394 omitteretur,
807 4337 903 4398 quam
918 4335 975 4379 cur
990 4316 1192 4381 omitteretur
1213 4340 1232 4384 a
1251 4340 1342 4402 para·

201 4407 339 4492 phraste.
