3354 5204
678 269 888 334 -17...

211 430 386 512 imperator
407 425 461 489 ille
483 424 616 488 ultimus
637 424 725 486 urbis
741 421 862 485 Romae
885 419 1013 506 (similis
1036 419 1152 484 erroris
1175 417 1353 502 exemplum
1388 439 1396 448 ·

194 534 305 595 ‘notat
326 526 519 593 Oesterleius
542 547 595 611 pg,
612 526 678 610 21).
717 522 839 587 Contra
860 522 1001 605 priorem
1023 521 1257 605 praefationem
1279 542 1354 583 ano-

213 629 316 714 nymi,
351 627 391 692 ad
419 627 540 691 Rufum
571 646 653 709 quae
685 627 768 688 esset
794 624 868 687 data
901 623 1094 707 antiquitus,
1128 624 1288 708 integram
1320 625 1358 684 ut

213 731 338 796 videtur
361 730 396 793 in
420 729 539 792 calcem
567 726 672 810 operis
702 725 848 790 coniecit.
894 723 977 788 Vsus
1004 729 1111 790 autem
1134 727 1182 788 est
1203 723 1356 807 anonymi

212 835 341 915 Aesopo
364 834 431 894 tam
453 827 681 911 imprudenter,
704 829 741 890 ut
762 825 912 905 crederet,
939 827 1104 908 Aesopum
1126 845 1194 888 esse
1215 824 1356 889 civitatis

228 934 357 1016 tticae3
392 951 585 1014 quamquam
612 928 676 992 fuit
704 926 756 992 hic
786 948 874 992 error
900 926 1036 991 fortasse
1065 925 1165 1008 ipsius
1187 926 1356 1010 anonymi;

215 1033 255 1098 cf.
278 1031 318 1105 V,
345 1015 382 1095 11
412 1031 459 1095 cd.
484 1029 656 1096 Wissemb.
702 1026 772 1104 Quo
800 1027 927 1092 facilius
949 1028 1035 1092 fraus
1057 1027 1186 1112 lateret,
1216 1029 1357 1112 quinque

214 1132 433 1216 antiquissimi
461 1131 604 1214 corporis
630 1118 729 1195 libros
757 1128 881 1213 redegit
907 1130 952 1193 in·
970 1132 1122 1212 quattuor
1153 1133 1186 1194 et
1213 1129 1357 1194 ordinem

214 1235 395 1299 fabularum
414 1232 510 1296 'haud
537 1230 610 1297 faro
638 1253 675 1296 11
698 1232 824 1314 saepius
845 1231 948 1294 multo
970 1230 1144 1295 dictionem
1165 1230 1357 1295 immutavit.

216 1334 364 1401 Eundem
388 1333 530 1397 omisisse
552 1331 677 1398 fabulas
700 1330 853 1415 quasdam
876 1333 1020 1415 corporis
1043 1331 1258 1415 antiquissimi
1280 1332 1358 1396 satis

216 1439 351 1500 constat
394 1433 479 1498 Nam
508 1434 568 1498 etsi
596 1455 635 1498 ex
667 1432 805 1517 duabus,
839 1455 917 1516 quas
951 1433 1049 1498 adicit
1079 1434 1178 1499 codex
1205 1432 1358 1498 Wissem·

215 1536 401 1622 burgensis,
428 1534 561 1617 fabulis,
583 1534 624 1618 V,
647 1534 667 1598 9
689 1537 722 1597 et
747 1534 801 1618 10,
829 1534 970 1618 priorem
993 1535 1090 1600 etiam
1112 1536 1146 1598 in
1170 1535 1279 1599 codice
1301 1533 1358 1598 Di-

216 1637 362 1702 vionensi
390 1636 520 1700 Romuli
548 1636 711 1700 inventam
734 1657 753 1698 a
776 1635 880 1700 Gudio
909 1639 1046 1702 testetur
1075 1635 1293 1720 Burmannus,
1327 1639 1360 1699 et

216 1739 295 1804 adeo
318 1740 487 1820 utramque
509 1737 544 1801 in
566 1736 674 1801 codice
697 1735 837 1819 quodam
852 1735 1097 1801 Vindobonensi
1119 1736 1248 1802 Romuli
1271 1758 1359 1820 repe-

217 1840 273 1903 riri
303 1842 413 1902 narrat
440 1836 598 1901 Aemilius
626 1836 776 1902 Grossius
807 1860 883 1902 ann.
911 1837 1023 1921 philol.
1052 1861 1079 1902 a.
1106 1837 1187 1902 1872
1207 1859 1263 1923 pg.
1288 1825 1360 1920 790,ι

217 1945 326 2004 tamen
348 1938 503 2022 anonymi
524 1937 706 2002 Nilantiani
729 1939 851 2024 sylloge
874 1939 951 2004 satis
973 1939 1127 2021 probatur
1148 1939 1183 2003 in
1207 1939 1359 2022 antiquis-

217 2041 298 2105 simo
315 2062 448 2124 corpore
463 2039 646 2104 fabularum
660 2040 781 2122 Aesopi
804 2040 912 2123 plures
933 2039 1031 2104 fuisse
1055 2062 1150 2123 quarn
1169 2041 1204 2104 in
1220 2039 1359 2104 Romuli.

218 2142 340 2208 Contra
361 2142 414 2205 vix
436 2140 530 2206 credo
546 2141 586 2204 ab
603 2141 673 2224 ipso
688 2139 828 2205 Romulo
844 2141 1065 2226 undecumque
1081 2141 1206 2206 fabulas
1222 2139 1360 2206 adiectas

187 2293 189 2304 Α
217 2265 333 2309 novas·
361 2242 564 2326 Quapropter
585 2241 725 2306 maxima
739 2239 869 2305 Romuli
890 2242 942 2306 vel
963 2243 1071 2326 potius
1093 2243 1190 2307 unica
1211 2242 1291 2305 haec
1313 2243 1361 2306 est

218 2344 302 2430 laus,
337 2344 423 2428 quod
455 2343 630 2408 dictionem
658 2342 780 2425 Aesopi
814 2346 909 2407 antea
942 2344 1070 2408 crudam
1105 2348 1137 2408 et
1167 2343 1360 2407 salebrosum

218 2447 313 2528 paulo
337 2443 475 2510 reddidit
496 2443 746 2509 commodiorem
769 2447 801 2508 et
822 2443 1001 2509 faciliorem
1022 2444 1214 2530 legentibus.

303 2548 447 2630 Apparet
474 2567 513 2610 ex
540 2545 627 2611 hisee
656 2543 915 2628 antiquissimum
936 2545 1018 2610 illud
1040 2567 1156 2630 eorpus
1178 2545 1360 2610 fabularum

157 2674 162 2681 ·
219 2648 359 2711 auctoris
381 2647 535 2730 anonymi
556 2668 623 2710 non
644 2667 738 2729 posse
762 2647 888 2711 restitui
910 2647 973 2711 nisi
989 2647 1169 2712 coniunctis
1189 2650 1221 2711 et
1235 2668 1362 2729 compo·

165 2769 168 2784 ·
220 2749 290 2811 sitis
312 2748 465 2832 anonymi
487 2746 799 2829 Wissemburgensis
825 2768 863 2811 11
884 2746 1065 2812 Nilantiani
1093 2750 1213 2832 pariter
1240 2746 1362 2812 11111-

220 2849 299 2913 muli
322 2848 463 2933 syllogis,
487 2870 680 2932 quamquam
694 2868 735 2911 ne
752 2847 940 2932 sicquidem
956 2849 1118 2934 integrum
1136 2850 1233 2916 licere
1248 2849 1362 2933 reponi

220 2951 300 3014 mihi
322 2972 508 3035 persuasum
532 2955 589 3016 est.
1042 3027 1047 3034 Ι

305 3051 521 3117 Continentur
543 3055 651 3117 autem
672 3050 755 3116 libro
771 3050 1065 3139 Wissemburgensi
1086 3053 1214 3117 fabulae
1232 3052 1283 3134 59,
1306 3050 1363 3115 Ni-

223 3153 441 3235 1111111161,
470 3151 600 3217 Romuli
623 3152 679 3235 84,
708 3152 743 3216 in
774 3157 930 3236 quantum
962 3159 1090 3236 constat
1118 3157 1206 3236 (nam
1234 3157 1270 3216 ut
1298 3152 1363 3216 dixi

224 3253 534 3339 Wissemburgensis
564 3252 766 3332 1191110
799 3254 834 3319 in
866 3254 952 3319 illius
981 3256 1089 3320 codice
1119 3253 1363 3319 Vindobonensi

222 3356 395 3440 prostant).
430 3354 548 3420 Omnes
572 3355 704 3420 omnino
727 3353 854 3420 fabulae
876 3378 1009 3421 numero
1032 3357 1084 3422 99.
1121 3355 1161 3421 In
1182 3356 1263 3420 libro
1279 3354 1364 3418 Wis-

223 3457 445 3542 semburgensi
466 3458 557 3522 nulla
579 3461 636 3541 est,
661 3456 739 3542 quin
762 3458 857 3523 etiam
877 3459 961 3543 apud
977 3457 1150 3523 Romulum
1172 3457 1363 3540 reperiatur3

224 3560 337 3621 contra
359 3559 443 3643 apud
464 3561 551 3624 hunc
574 3559 661 3644 XIV,
695 3559 780 3645 apud
813 3582 1010 3643 anonymum
1034 3559 1158 3624 Nilant.
1183 3558 1248 3624 'XV
1278 3545 1365 3621 inie-

223 3658 358 3722 niuntur
372 3661 521 3743 propriae
536 3663 731 3742 alterutrius,
747 3683 844 3747 porro
860 3660 1008 3726 undecim
1023 3662 1172 3746 propriae
1188 3660 1363 3742 utriusque.

308 3760 357 3824 De
375 3760 520 3826 fontibus
543 3767 648 3827 autem
677 3763 792 3826 harum
820 3763 1002 3827 fabularum
1025 3783 1097 3827 eum
1120 3783 1196 3826 cura
1218 3760 1367 3844 exposuit

223 3860 377 3945 Rothius,
407 3862 496 3927 cuius
524 3865 729 3929 inventorum
758 3868 849 3946 parte
878 3865 1007 3929 utimur.
1031 3902 1072 3912 -
1100 3862 1205 3948 Igitur
1226 3863 1366 3946 primum

224 3968 359 4049 apparet
386 3986 504 4029 novem
536 3964 661 4030 fabulas
688 3962 795 4050 (Rom.
816 3964 875 4043 IV,
901 3966 1039 4050 11-19)
1061 3987 1100 4029 ex
1123 3962 1270 4028 Dosithei
1299 3962 1367 4045 (qui

172 4117 175 4120 .
224 4066 305 4130 vixit
338 4087 419 4131 saec.
443 4089 475 4150 p.
501 4067 575 4132 Ohr.
599 4066 647 4131 ΙΠ
674 4066 783 4152 initio)
816 4066 1176 4151 interpretamentorum
1207 4065 1290 4129 libro
1318 4062 1367 4127 HI

225 4171 413 4250 assumptas.
458 4167 571 4252 Neque
594 4168 765 4253 indignum
787 4169 941 4233 memoria
966 4169 1000 4232 in
1023 4167 1131 4232 codice
1154 4165 1367 4231 Wissembur·

225 4275 315 4354 gensi
339 4269 550 4353 epimythium
564 4269 694 4334 fabulae
709 4269 748 4334 de
763 4290 860 4333 corvo
877 4273 909 4333 et
924 4270 1018 4353 vulpe
1034 4291 1073 4333 ex
1094 4267 1235 4332 eiusdem
1256 4267 1367 4331 fabula

198 4377 203 4388 '
227 4373 275 4453 (a)
297 4371 444 4454 petitum.
489 4371 659 4436 Praeterea
679 4370 805 4435 fabulas
827 4371 913 4437 eirca
934 4371 976 4436 50
999 4393 1037 4434 ex
1059 4369 1198 4433 Phaedri
1220 4369 1367 4434 carmini-

278 4479 301 4520 Ιι.
316 4479 456 4531 Mueller,
471 4483 504 4522 Ile
517 4482 616 4522 Phaedri
631 4486 653 4522 et
669 4482 753 4522 Ariani
767 4482 861 4523 fabulis.
1150 4476 1165 4524 2
