3354 5204
799 239 1009 334 ..4..'

321 421 537 507 disputatione
560 419 598 486 de
620 419 730 487 fabula
752 422 861 487 attulit
883 423 1094 508 Lessingius),
1118 423 1267 507 qnodque
1291 422 1462 507 aliquando

321 526 552 608 proprietatem
586 529 829 608 praeceptorum
861 523 1046 607 moralium,
1084 547 1166 608 quae
1203 526 1315 589 insunt
1346 525 1489 590 fabulis·

321 627 492 710 Aesopeis,
523 647 636 709 parum
665 626 830 708 perspexit
859 625 911 710 (de
940 647 1003 709 quo
1033 626 1113 689 dixit
1135 625 1325 711 Raschigius
1347 629 1464 711 pagii

321 748 462 810 prooem.
486 727 534 790 ed.
558 726 609 810 2),
644 729 700 790 aut
728 725 813 809 quod
840 726 969 790 fabulae
998 728 1037 791 ab
1065 727 1135 810 ipso
1164 727 1314 791 inventae
1341 728 1464 791 alienae

321 833 396 892 sunt
432 850 526 910 saepe
556 851 573 891 a
602 828 781 892 rationibus
812 828 954 910 ipsarum
983 829 1104 911 Aesopi
1137 829 1334 908 fabularum,
1370 850 1463 912 quem

322 934 448 993 constat
475 951 641 1012 nunquam
670 929 824 993 historica
855 929 1000 1012 exempla
1031 928 1086 992 sed
1118 935 1174 992 aut
1204 952 1241 994 ex
1264 929 1465 1014 mythologie

320 1031 422 1112 petita
443 1031 497 1113 (cf.
521 1027 617 1094 Babr.
644 1030 713 1112 119,
738 1032 775 1092 11
800 1029 848 1093 ed.
872 1029 1087 1113 Lachmanni)
1118 1033 1174 1094 aut
1200 1050 1238 1092 ex
1261 1030 1328 1093 vita
1350 1031 1464 1094 bestia-

322 1153 393 1195 rum
416 1134 448 1195 et
468 1132 652 1215 plantarum
674 1131 879 1213 proposuisse
895 1131 929 1193 in
944 1152 1037 1194 usum
1060 1152 1164 1195 mores
1187 1131 1345 1195 humanos
1368 1131 1464 1196 corri-

322 1231 419 1316 gendi
456 1233 523 1296 sive
557 1231 745 1316 castigandi,
796 1231 929 1296 Accedit
964 1251 1083 1315 magna
1119 1231 1269 1296 dictionis
1306 1232 1466 1316 elegantia

321 1353 521 1417 magnusque
543 1333 646 1416 nitor,
674 1333 801 1416 qualem
824 1336 970 1416 expectes
994 1355 1013 1396 a
1035 1337 1178 1416 tempore
1201 1333 1378 1397 cultissimo
1401 1355 1465 1418 quo

322 1434 404 1498 vixit
425 1433 599 1498 Phaedrus.
643 1433 775 1497 Etenim
802 1454 933 1515 prorsus
963 1432 1138 1498 averitatc
1166 1435 1330 1498 aberrasse
1359 1435 1465 1498 existi-

321 1557 445 1600 mamus
468 1557 533 1616 eos,
558 1535 613 1618 qui
635 1535 737 1599 multa
757 1556 872 1618 parum
894 1535 1051 1598 concinne
1074 1537 1107 1598 et
1128 1535 1292 1618 eleganter
1313 1535 1364 1598 vel
1386 1535 1464 1598 adeo

321 1657 435 1719 parum
464 1636 563 1700 latine
595 1635 679 1698 dicta
706 1635 792 1718 apud
813 1629 994 1700 Phaedrum
1023 1635 1163 1718 reperire
1188 1635 1250 1699 sibi
1272 1635 1464 1699 viderentur.

323 1735 465 1812 Quorum
500 1737 597 1801 etiam
630 1737 664 1799 in
697 1758 831 1800 numero
866 1757 933 1800 esse
963 1735 1180 1800 Godosredum
1209 1736 1463 1820 Bernhardyum,

322 1837 487 1902 hominem
524 1838 704 1902 litterarum
741 1841 773 1900 et
808 1837 996 1900 Latinarum
1033 1840 1065 1916 et
1098 1836 1291 1902 Graecarum
1327 1839 1465 1921 peritum

322 1937 502 2018 admodum,
526 1939 604 2002 satis
626 1939 736 2002 mirari
758 1960 826 2002 non
849 1960 991 2021 possum,
1013 1939 1207 2023 quamquam
1228 1939 1256 2002 is
1272 1939 1405 2002 omnino
1428 1939 1465 2001 de

322 2038 439 2102 fabulis
462 2037 601 2103 Phaedri
622 2039 775 2103 iudicavit
797 2039 951 2122 iniquius.

352 2162 353 2166 ¹
407 2143 455 2203 Ae
477 2141 616 2223 primum
644 2140 772 2223 quidem
801 2139 1066 2205 considerandum
1095 2145 1143 2205 est
1171 2140 1294 2206 codices
1318 2135 1490 2222 Phaedri,

319 2243 483 2324 quotquot
519 2243 661 2323 exstant,
699 2241 872 2305 admodum
909 2263 975 2305 esse
1013 2245 1195 2324 corruptos,
1231 2263 1466 2325 nonnunquam

323 2342 421 2404 etiam
453 2341 679 2424 interpolatos,
713 2341 788 2425 quia
819 2363 877 2424 per
907 2342 1048 2406 medium
1082 2363 1196 2406 aevum
1229 2342 1296 2406 eius
1325 2343 1466 2407 carmina

323 2442 400 2506 satis
438 2441 609 2526 diligenter
644 2442 835 2526 legebantur
869 2465 887 2506 a
919 2443 1095 2506 monachis,
1138 2442 1251 2526 ltaque
1285 2443 1466 2527 ubicunque

326 2546 475 2606 occurret
495 2543 530 2605 in
546 2540 633 2606 hisce
648 2541 766 2606 fabulis
785 2543 1002 2624 soloecismus,
1026 2544 1081 2626 qui
1103 2544 1267 2608 lenissima
1288 2547 1466 2610 mutatione

324 2647 398 2726 apte
426 2643 529 2726 possit
555 2642 643 2726 tolli,
672 2665 767 2707 nemo
790 2645 919 2709 hercule
942 2643 1115 2728 dubitabit,
1145 2646 1223 2728 quin
1246 2646 1360 2710 vitium
1382 2647 1467 2711 istud

324 2765 392 2809 11011
414 2743 514 2828 ipsius
537 2745 676 2808 auctoris
704 2745 746 2808 sit
772 2744 828 2809 sed
849 2745 1063 2814 librariorum.
1106 2747 1192 2811 Nam
1214 2746 1298 2811 hanc
1320 2770 1466 2812 normam

323 2845 486 2908 iudicandi
508 2845 571 2907 nisi
594 2846 772 2928 sequimur,
803 2851 836 2909 et
858 2845 968 2910 Cicero
992 2852 1024 2911 et
1046 2846 1156 2911 Livius
1178 2851 1211 2911 et
1231 2849 1466 2930 praestantissi-

323 2968 394 3009 mus
417 2947 553 3029 quisque
575 2947 675 3010 latine
698 2945 825 3010 dicendi
847 2946 963 3010 artifex
986 2948 1186 3030 reperientur
1202 2948 1321 3012 multos
1337 2951 1466 3012 commi·

324 3048 402 3112 sisse
425 3068 543 3130 cosque
565 3047 770 3132 gravissimos
786 3046 991 3112 soloecismos
1010 3049 1077 3112 sive
1100 3048 1322 3113 barbarismos
1345 3049 1464 3127 Veluti,

324 3153 360 3212 ut
388 3148 449 3212 1100
478 3148 624 3232 exemplo
653 3153 740 3225 utar,
775 3169 847 3212 eum
875 3149 910 3213 in
937 3150 1047 3215 fabula
1072 3152 1087 3213 1
1116 3150 1190 3214 libri
1212 3149 1253 3230 V,
1278 3173 1329 3216 vv.
1355 3153 1403 3233 15,
1428 3152 1466 3213 lo

326 3249 457 3351 optimis
479 3248 642 3313 codicibus
664 3248 783 3313 tradita
804 3255 911 3314 essent
931 3250 1025 3315 haec:

561 3365 695 3430 Quisnam
713 3365 844 3420 cinaedus
862 3365 910 3419 ille
928 3367 957 3419 in
976 3370 1126 3436 conspectu
1144 3384 1207 3422 mco

443 3497 445 3501 .
560 3449 656 3503 Audet
674 3449 788 3502 venire?

325 3553 456 3616 fuerunt
477 3552 533 3635 qui
554 3551 660 3634 ipsum
682 3550 864 3615 Phaedrum
892 3556 1078 3636 arguerent,
1108 3551 1194 3636 quod
1222 3557 1333 3617 notam
1361 3553 1467 3617 latini·

324 3653 401 3716 tatis
429 3653 532 3736 legem
560 3654 595 3716 in
622 3653 860 3736 praepositione
882 3655 918 3717 ia
940 3652 1091 3717 violasset
1122 3653 1219 3736 (sicut
1240 3676 1317 3718 sane
1345 3654 1466 3718 factum

325 3754 450 3836 saepius
473 3775 492 3816 a
513 3753 610 3816 medii
632 3754 702 3817 aevi
731 3753 966 3838 scriptoribus),
996 3776 1190 3839 quamquam
1218 3755 1303 3840 apud
1331 3756 1465 3819 eundem

325 3854 444 3939 legitur
459 3854 497 3935 V,
514 3855 542 3933 8,
558 3854 614 3918 22:
636 3858 672 3918 111
694 3860 887 3936 conspectum
906 3858 1107 3938 proditurum
1128 3860 1196 3922 11110
1217 3879 1316 3922 moro.
1345 3856 1466 3919 Tamen

327 3957 398 4040 quis
425 3957 567 4021 monitus
595 3956 716 4038 poterit
741 3956 901 4033 dubitare,
932 3959 1011 4041 quin
1038 3963 1123 4022 reete
1150 3959 1274 4021 feratur
1301 3958 1335 4020 in
1358 3957 1466 4020 codice

325 4057 558 4140 Neapolitano,
584 4059 643 4119 etsi
667 4060 715 4120 est
736 4058 838 4122 multo
861 4058 1019 4122 recentior
1042 4057 1188 4140 Gallicis,
1217 4060 1253 4121 111
1276 4062 1467 4139 conspectum

325 4159 446 4237 11101110,
479 4178 552 4221 cum
586 4159 773 4240 pracsertim
801 4161 969 4241 appareat,
1003 4179 1099 4240 quam
1127 4157 1220 4221 facile
1248 4159 1282 4221 in
1310 4157 1465 4222 vocabulo

326 4264 519 4340 conspectum
548 4259 666 4323 omissa
688 4280 719 4321 111
741 4260 844 4341 finali,
880 4259 956 4341 quia
989 4259 1097 4323 eadem
1129 4261 1320 4341 sequebatur
1346 4259 1464 4338 littera,

326 4361 469 4444 potuerit
492 4360 569 4422 oriri
592 4359 670 4421 illud
693 4361 728 4422 ia
751 4365 910 4440 conspeetu
934 4380 1008 4423 arro.
1043 4358 1197 4422 Similiter
1218 4359 1243 4442 l,
1266 4360 1295 4443 9,
1318 4359 1337 4414 8
1360 4359 1465 4444 verba,
