3354 5204
745 299 782 308 ..
827 262 868 324 23
915 300 951 308 -

278 414 315 474 11
336 416 535 494 ponerentur
559 413 607 496 16,
634 413 681 497 13,
708 415 756 498 18,
782 415 831 497 17,
856 414 904 497 14,
930 415 977 480 15.
1022 414 1104 480 Vide
1128 418 1235 479 tamen
1258 437 1300 478 an
1324 437 1373 480 vv.
1389 415 1419 497 5,

279 511 309 590 6,
332 533 405 577 cum
427 513 574 579 ferantur
595 515 690 580 tales:

480 649 530 702 ubi
547 650 720 718 immolatur,
739 651 806 704 exta
823 653 976 721 praegusto
995 651 1092 716 deum;

481 749 574 788 moror
592 734 667 788 inter
685 751 760 802 1111,
778 735 887 803 templa
904 735 1044 803 perlustro
1063 735 1165 801 omnia,

278 850 324 914 ita
346 851 509 937 digniores
531 853 597 917 sint
617 852 779 918 Phaedro:

480 1003 573 1041 moror
590 987 665 1041 inter
682 1004 754 1053 aras,
771 988 880 1057 templa
896 988 1036 1056 perlustro
1056 989 1155 1054 deum;

479 1071 529 1125 ubi
546 1071 716 1139 immolatur,
735 1073 801 1126 exta
817 1075 970 1142 praegusto
989 1073 1091 1128 omnia.

362 1189 422 1254 His
453 1190 616 1273 aptissime
647 1191 710 1254 iam
739 1191 932 1274 respondere
958 1215 1009 1257 vv.
1041 1194 1076 1255 11
1090 1193 1176 1257 -13
1199 1213 1299 1257 nemo
1327 1192 1421 1258 facile

278 1290 419 1374 negabit.

362 1391 533 1458 Praeterea
555 1416 681 1459 versum
704 1396 858 1478 primum,
887 1398 923 1459 ut
944 1398 1064 1459 temere
1092 1417 1130 1458 ex
1156 1395 1221 1478 ΠΙ,
1246 1397 1294 1478 ll,
1320 1395 1358 1459 13
1386 1395 1421 1458 11
1525 1443 1528 1448 -

278 1492 365 1559 hune
386 1493 492 1560 locum
514 1483 717 1580 translatum,
740 1497 850 1581 utique
873 1497 963 1561 uncis
986 1496 1106 1561 includi
1130 1497 1281 1580 oportuit.

366 1646 487 1732 11125,
509 1649 551 1713 22
573 1671 658 1734 sqq.:

481 1785 597 1852 repente
617 1784 672 1839 duo
691 1785 896 1851 1111111111,
915 1785 1002 1853 sparsi
1019 1785 1135 1854 pulvere

481 1867 582 1923 sudore
600 1869 690 1923 multo
709 1869 879 1936 diffluentes,
898 1884 1015 1938 corpore

480 1952 633 2006 humanam
651 1970 737 2023 supra
753 1954 873 2008 formam
891 1953 1004 2008 cuidam
1023 1953 1132 2008 servolo

481 2037 624 2105 mandant,
643 2041 676 2092 ut
693 2039 730 2094 ad
748 2055 777 2092 11
795 2039 931 2108 provocet
948 2037 1133 2092 Simonidem:

482 2121 557 2176 illius
574 2123 717 2190 1111111111,
737 2139 772 2177 11
790 2123 877 2177 faciat
894 2138 1010 2177 moram.

364 2242 510 2348 Apparet
530 2263 589 2326 pro
611 2243 699 2309 itlius
720 2243 834 2307 melius
857 2242 921 2326 legi
942 2243 1052 2325 ipsius.

363 2376 414 2440 Ex
436 2377 518 2441 libro
542 2379 655 2462 quinto
678 2378 795 2443 multas
816 2377 941 2442 fabulas
963 2377 1084 2462 perisse
1106 2377 1170 2441 iam
1192 2399 1289 2460 supra
1303 2399 1421 2442 memo-

279 2478 357 2542 ravi.
389 2477 433 2542 Et
448 2478 558 2544 videor
573 2480 653 2543 mihi
668 2502 761 2562 posse
784 2479 1001 2544 demonstrare
1020 2479 1132 2543 statim
1154 2483 1228 2562 post
1250 2478 1420 2563 prologum

279 2578 399 2662 aliquid
422 2575 631 2644 intercidisse.
677 2580 775 2646 Cuius
797 2580 912 2645 ultima
933 2581 1034 2644 verba
1055 2603 1127 2646 cum
1150 2581 1215 2645 sint
1236 2579 1330 2644 haec:

483 2715 554 2769 adeo
572 2715 683 2770 fucatae
701 2717 767 2785 plus
784 2716 920 2770 vetustati
937 2716 1017 2770 favet

483 2799 591 2853 invidia
608 2801 725 2854 mordax
744 2817 829 2868 quam
847 2798 928 2854 bonis
945 2785 1150 2868 praesentibus.

484 2884 533 2938 sed
551 2885 608 2938 iam
627 2884 663 2938 ad
680 2884 814 2938 fabellam
832 2884 896 2938 talia
915 2883 1037 2952 exempli
1054 2883 1141 2948 feror;

281 3005 469 3084 sequentem
491 3001 634 3067 fabulam
656 3003 694 3066 de
717 3003 881 3067 Demetrio
904 3023 978 3087 rege
1001 3006 1034 3066 ct
1055 3001 1234 3067 Menandro
1257 3008 1362 3086 poeta,
1385 3007 1421 3066 ut

280 3105 367 3166 recte
390 3103 559 3168 videantur
588 3104 674 3169 docti
697 3104 795 3168 verba
815 3104 851 3167 in
873 3103 1041 3168 Perottino
1064 3103 1173 3168 codice
1196 3103 1270 3167 huie
1293 3103 1420 3168 fabulae

281 3203 436 3288 inscripta
457 3208 608 3287 quomodo
629 3227 719 3290 saepo
739 3207 874 3286 fallatur
895 3206 1057 3272 immicum
1078 3207 1231 3271 1111111111
1253 3205 1422 3290 epimythii

282 3305 353 3390 loco
376 3307 555 3389 reposuisse
578 3307 612 3372 in
634 3307 720 3371 hunc
742 3308 923 3372 trimetrum
945 3310 1081 3371 mutata:
1461 3315 1464 3321 '

483 3441 638 3496 humanum
656 3427 739 3512 saepe
759 3443 797 3497 sic
815 3441 950 3496 iudicium
968 3440 1082 3506 fallitur,
1170 3495 1173 3499 ,

282 3563 392 3624 tamen
415 3559 546 3624 minime
567 3583 699 3644 possum
721 3561 800 3625 mihi
822 3561 1012 3645 persuadere
1034 3559 1194 3645 pertinere
1216 3557 1312 3641 adid,
1336 3557 1421 3642 quod

282 3665 494 3746 proposuerat
526 3662 586 3727 sibi
618 3662 783 3728 Phaedrus
818 3661 1108 3728 demonstrandum,
1158 3659 1226 3726 Nec
1261 3661 1346 3725 enim
1383 3660 1421 3724 dc

282 3763 391 3828 iudicii
423 3763 572 3848 humani,
608 3766 693 3848 quod
721 3765 859 3830 invitum
888 3786 981 3848 saepe
1009 3766 1169 3847 peccaret,
1203 3761 1421 3827 imbecillitate

283 3867 413 3949 questus
446 3868 514 3929 erat
534 3864 714 3947 Phaedrus,
747 3866 802 3931 sed
831 3865 868 3930 de
896 3865 1097 3950 malignitate
1124 3864 1321 3947 criticorum,
1356 3863 1420 3945 qui,

283 3967 428 4050 quamvis
451 3965 556 4031 edocti
577 3967 725 4046 meliora,
757 3967 871 4051 quovis
899 3966 994 4031 modo
1017 3965 1198 4049 aequalium
1220 3965 1340 4047 scripta
1361 3962 1421 4026 ele-

175 4143 177 4150 ,
282 4070 410 4152 vatent,
434 4068 638 4152 antiquorum
666 4069 864 4135 extollerent.
907 4067 1051 4132 Eandem
1074 4068 1123 4131 sui
1145 4066 1298 4150 temporis
1320 4063 1422 4128 homi-

282 4192 361 4234 num
382 4170 624 4253 perversitatem
645 4169 818 4235 Horatium
846 4171 879 4233 in
907 4169 1054 4252 epistula
1073 4169 1112 4232 ad
1134 4169 1318 4252 Augustum
1341 4165 1422 4230 face-

283 4271 405 4337 tissime
436 4271 651 4356 perstringere
684 4275 797 4336 notum
830 4275 887 4335 est.
931 4271 1044 4354 Itaque
1077 4268 1116 4333 ad
1149 4291 1259 4333 versus
1292 4267 1422 4332 ultimos

284 4373 412 4462 prologi
432 4372 615 4457 probandos
643 4395 749 4460 neque
775 4371 986 4458 epimythium
1009 4392 1144 4454 sequens
1167 4370 1245 4436 facit
1267 4372 1300 4434 11
1321 4367 1422 4433 multo
1486 4383 1489 4387 ·
