3354 5204
679 303 887 367 -25-

298 457 506 543 LQL&

399 576 456 630 noli
474 573 575 629 vereri.
611 574 641 627 at
658 572 720 626 illc:
740 572 863 627 lacerem
880 572 1050 640 mehercule,

398 661 453 713 nisi
470 675 530 713 esse
550 657 651 711 scirem
670 654 761 710 carnis
779 657 809 709 te
827 656 960 726 cupidum
979 675 1067 712 meae.

298 763 458 828 Statuitur
480 759 578 844 vulgo
600 757 782 822 Phaedrum
804 759 899 823 modo
922 761 1091 826 mehercule
1113 760 1237 840 dixisse,
1261 764 1357 828 modo

214 865 407 930 mehercules.
451 859 637 926 Notandum
664 863 773 924 tamen
801 865 923 926 veteres
950 864 1064 944 poetas
1086 861 1173 926 haud
1195 862 1289 927 facile
1312 863 1357 928 di-

216 965 315 1030 versis
344 961 484 1028 eiusdem
513 953 661 1026 vocabuli
689 983 763 1026 usos
793 983 860 1026 esse
887 962 999 1026 formis
1022 962 1086 1027 nisi
1109 963 1164 1028 ubi
1187 965 1281 1028 metri
1302 986 1356 1028 ne-

216 1067 346 1132 cessitas
368 1067 505 1149 cogeret.
550 1063 618 1128 Iam
641 1061 725 1147 apud
747 1062 929 1127 Phaedrum
952 1085 1025 1128 cum
1048 1064 1147 1128 codex
1170 1063 1356 1129 Perottinus

214 1169 332 1252 ubique
354 1169 480 1250 praeter
502 1165 586 1229 hanc
608 1164 766 1248 fabulam,
796 1187 877 1248 quae
905 1187 973 1230 non
995 1165 1117 1250 legitur
1137 1165 1173 1230 in
1196 1187 1244 1250 eo,
1267 1189 1356 1251 prae-

215 1271 288 1334 beat
319 1267 400 1332 illud
431 1267 629 1348 mehercules,
662 1265 748 1350 quod
779 1266 843 1350 III,
880 1269 929 1350 17,
959 1267 978 1331 8
1011 1267 1080 1350 ipse
1113 1288 1223 1332 versus
1257 1269 1358 1354 exigit

215 1373 305 1456 (nam
327 1369 494 1434 mehercule
517 1389 533 1432 e
555 1369 651 1432 finale
674 1368 831 1452 corripit),
860 1389 994 1452 cumque
1022 1367 1101 1432 alias
1123 1390 1248 1454 semper
1270 1370 1358 1434 inve·

216 1473 323 1536 niatur
351 1469 530 1535 interiectio
557 1469 619 1534 ista
646 1470 681 1533 in
709 1471 773 1533 fine
801 1491 910 1534 versus
938 1469 1066 1535 iambici
1096 1470 1267 1554 collocata,
1303 1472 1358 1554 qui

216 1575 303 1638 amat
329 1571 429 1656 longa
456 1570 578 1654 syllaba
604 1570 788 1655 terminari,
816 1571 910 1636 eredo
939 1571 1071 1636 omnino
1100 1572 1135 1636 in
1162 1571 1212 1635 his
1239 1572 1359 1638 fabulis

219 1673 441 1758 reponendum
456 1673 649 1757 mehercules,
674 1672 759 1757 quod
776 1672 905 1757 quidem
920 1672 1195 1757 pronuntiandum
1211 1677 1260 1738 est
1281 1695 1359 1740 mer-

219 1777 308 1842 cules.

302 1894 327 1977 I,
350 1894 402 1977 29,
429 1894 525 1958 1-3:

399 2011 566 2080 plerumque
584 2011 672 2077 stulti,
690 2011 777 2065 risum
795 2012 862 2066 dum
881 2012 998 2081 captant
1014 2011 1116 2077 levem,

400 2095 482 2165 gravi
500 2095 767 2168 destringuntalios
785 2096 955 2151 contumelia

403 2183 432 2234 ct
449 2179 502 2233 sibi
520 2180 650 2235 nocivum
667 2181 810 2236 concitant
827 2182 992 2250 periculum.

301 2283 478 2349 Occurrens
511 2283 546 2347 in
574 2282 624 2348 his
653 2283 845 2348 adiectivum
872 2287 999 2350 occicus
1028 2282 1113 2367 quod
1143 2283 1276 2367 exiguae
1310 2286 1360 2347 est

215 2385 387 2451 admodum
409 2384 620 2464 auctoritatis,
642 2407 710 2450 non
733 2386 778 2450 ita
798 2386 909 2470 magni
931 2385 1080 2469 facerem,
1102 2406 1175 2449 eum
1198 2384 1358 2468 exemplo-

215 2509 286 2550 rum
314 2487 467 2552 similium
498 2486 649 2572 analogia
678 2487 720 2551 sit
742 2487 917 2571 munitum,
946 2487 973 2550 si
996 2477 1091 2551 modo
1114 2507 1243 2550 sensum
1264 2507 1354 2568 prae·
1413 2505 1417 2512 ’

215 2588 305 2652 beret
326 2587 487 2653 idoneum.
531 2586 568 2652 Id
590 2591 698 2652 tamen
720 2609 810 2653 secus
832 2610 866 2652 se
881 2589 999 2654 habere
1015 2592 1157 2672 apparet,
1181 2609 1254 2651 cum
1268 2609 1359 2670 prae·

217 2689 326 2753 sertim
342 2691 409 2772 ipse
426 2688 589 2754 Phaedrus
610 2693 728 2772 narret,
751 2710 818 2753 non
841 2691 990 2754 nocuisse
1013 2689 1105 2753 asino
1125 2689 1360 2772 impudentiam

216 2812 316 2854 suam.
361 2789 468 2856 Sensit
489 2789 522 2853 id
545 2788 808 2874 Bentleius,¹qui
830 2812 889 2873 pro
911 2793 1039 2859 neurus
1061 2790 1199 2854 coniecit
1221 2789 1359 2854 scriben-

215 2892 290 2957 dum
311 2893 457 2971 uicissim,
482 2891 567 2986 quod
589 2894 699 2956 tamen
714 2891 905 2957 vocabulum
921 2915 940 2956 a
954 2892 1112 2974 scriptura
1128 2891 1247 2956 tradita
1260 2892 1359 2976 longe

215 2997 263 3058 cst
285 2996 453 3077 remotum,
476 3015 580 3077 neque
604 2993 778 3076 quidquam
802 2993 922 3077 vigoris
937 2993 1026 3058 addit
1040 2993 1227 3058 sententiae.
1259 2992 1358 3076 Equi-

215 3095 286 3158 dem
309 3093 363 3158 diu
386 3099 434 3159 est
456 3117 529 3158 cum
551 3094 759 3159 existimarim
782 3094 984 3160 scribendum
1008 3116 1075 3159 esse
1097 3097 1248 3178 demeum,
1271 3093 1357 3177 quod

216 3198 252 3260 ut
279 3196 427 3278 proxime
455 3195 576 3260 accedit
604 3195 643 3258 ad
670 3195 820 3260 traditam
847 3195 1019 3260 lectionem
1047 3197 1093 3260 ita
1123 3196 1251 3281 egregie
1284 3216 1356 3260 cum

218 3297 281 3360 fine
304 3296 432 3361 fabulae
456 3298 639 3362 concordat.
678 3295 747 3361 Nec
769 3300 876 3380 tamen
900 3295 1105 3362 dissimulabo
1129 3297 1213 3381 apud
1235 3297 1360 3363 nullum

217 3419 267 3463 me
291 3398 453 3462 invenisse
468 3402 632 3464 auctorem
647 3397 798 3463 Latinum
820 3398 900 3462 illud
923 3401 1048 3465 occicus
1068 3420 1128 3483 pro
1144 3395 1377 3465 internecivum

214 3499 326 3582 ltaque
348 3499 429 3564 haec
452 3501 637 3565 coniectura
659 3500 775 3584 quibus
797 3522 864 3564 non
881 3500 1034 3584 arriserit,
1049 3500 1210 3565 videbitur
1224 3500 1361 3565 fortasse

219 3601 321 3684 magis
349 3601 515 3683 probabile
543 3604 693 3674 nocivum.
717 3606 821 3666 ortum
852 3623 918 3665 esse
946 3602 1068 3666 haustis
1097 3601 1286 3685 quibusdam
1309 3602 1360 3666 vel

219 3702 396 3765 obscuratis
424 3703 459 3764 in
487 3702 661 3786 archetypo
690 3701 828 3766 Phaedri
855 3701 971 3768 litteris
994 3707 1026 3767 et
1060 3702 1263 3768 scribendum
1291 3724 1356 3768 uec

212 3822 361 3884 porcum,
386 3802 472 3885 quod
494 3807 579 3868 certe
602 3804 641 3867 ad
664 3804 857 3868 sententiam
880 3809 929 3870 cst
950 3805 1161 3894 aptissimum.

300 3902 450 3968 Ceterum
478 3903 604 3968 videtur
630 3925 707 3968 sane
734 3905 902 3988 antiquum
930 3907 982 3971 hic
1008 3906 1108 3972 fuisse
1137 3907 1172 3969 in
1195 3905 1357 3971 codicibus

214 4003 352 4068 Phaedri
380 4006 541 4070 mendum.
585 4003 670 4070 Nam
699 4006 784 4090 quod
809 4007 999 4092 inscriptum
1028 4011 1075 4072 est
1104 4007 1232 4072 fabulae
1255 4006 1275 4070 l.
1298 4005 1356 4088 IV,

218 4107 273 4170 19:
300 4125 434 4188 serpeus.
480 4108 697 4174 misericordie
718 4109 842 4198 uocicc,
874 4131 914 4172 ex
942 4110 1011 4193 ipso
1034 4108 1091 4173 illo
1114 4110 1185 4172 loco
1210 4107 1358 4173 videntur

215 4206 334 4291 petisse
356 4207 480 4272 librarii
502 4209 693 4274 vocabulum
713 4211 852 4276 uoucus.
887 4208 1011 4293 Nempe
1034 4212 1066 4273 et
1082 4209 1218 4273 Phaedri
1240 4213 1272 4274 et
1293 4210 1359 4293 ple-

220 4330 393 4393 rorumque
421 4314 587 4375 auctorum
615 4315 759 4374 veterum
787 4312 966 4376 carminum
992 4310 1106 4374 titulos
1134 4314 1261 4374 constat
1292 4333 1359 4375 non

221 4409 261 4472 ab
283 4410 360 4495 ipsis
381 4411 544 4497 profectos
567 4411 786 4496 scriptoribus,
810 4412 864 4478 sed
879 4436 898 4480 a
912 4411 1051 4478 librariis
1066 4411 1192 4498 antiqui
1206 4413 1359 4502 temporis
