3354 5204
636 298 886 362 .--5-⁴

220 473 300 536 quae
328 453 403 516 sunt
428 451 594 515 riortis‘irr
615 451 745 528 solacio,
773 449 921 514 exstitere
944 450 998 534 qui
1021 449 1164 514 dicerent
1191 450 1276 515 dicta
1304 474 1362 535 pro

219 557 254 618 irr
286 554 452 630 solacietur,
489 555 525 616 ut
555 553 590 616 iri
621 551 717 614 finem
752 551 803 614 vel
836 551 1005 616 consilium
1036 551 1239 635 significaret.
1286 551 1363 627 cuis

217 639 326 718 alitem
354 655 497 738 ignorat,
528 674 624 734 quarn
653 672 746 734 saepe
769 673 788 714 a
809 651 950 716 librariis
977 674 1032 716 urrr
1060 657 1130 716 eto
1157 653 1269 717 finales
1297 653 1363 717 sint

219 756 392 820 confusae?
416 753 617 834 Quamquam
632 755 717 816 recte
733 751 835 836 egisse
853 753 1002 816 videntur
1017 775 1094 832 rem,
1118 755 1174 836 qui
1189 755 1363 818 scriberent

218 879 291 920 cum
305 855 440 919 Heinsio
463 855 571 918 rrrortis
593 875 631 918 err
652 854 811 919 solacium.
846 852 915 918 Nec
938 875 1013 918 vero
1037 855 1120 922 ἅπαξ
1137 855 1285 936 εἰρημένα
1307 859 1364 920 aut

139 993 142 999 ·
218 957 311 1040 plura
340 960 395 1020 aut
428 955 597 1020 audaciora
629 955 728 1020 habet
761 976 857 1036 quam
889 955 1034 1038 plerique
1067 959 1214 1020 auctores
1242 956 1362 1021 Latini.

217 1057 286 1124 Nec
319 1059 346 1121 si
380 1058 478 1121 semel
505 1057 594 1122 bisve
622 1056 804 1120 invenietur
833 1056 918 1140 apud
947 1056 1128 1120 Phaedrum
1156 1057 1362 1121 soloecismus

217 1159 279 1242 ipsi
301 1158 504 1237 tribuendus,
534 1180 601 1223 non
623 1157 785 1240 librariis,
807 1157 895 1220 aliud
917 1158 1092 1241 quidquam
1114 1158 1278 1222 admisisse
1301 1159 1363 1222 erit

165 1345 168 1350 Ι
218 1260 464 1338 existimandus,
500 1282 596 1343 quam
630 1259 715 1344 quod
749 1258 852 1341 quivis
885 1258 952 1322 fere
986 1258 1122 1342 scriptor
1155 1261 1361 1343 quantumvis

218 1366 383 1445 praestans
411 1365 478 1425 arte
508 1359 644 1424 dicendi.
688 1358 823 1444 Legitur
848 1359 933 1443 apud
961 1382 1033 1423 eum
1061 1360 1090 1442 I,
1114 1361 1147 1445 8,
1171 1363 1206 1426 7:
1234 1363 1362 1428 tardere

213 1483 370 1546 persuasu
393 1468 437 1527 est
458 1463 665 1528 iureiurando
685 1463 777 1545 priris
797 1482 857 1544 pro
873 1481 1065 1544 persuasura
1086 1465 1225 1546 estprui
1247 1467 1288 1531 et
1301 1462 1360 1546 III,

216 1566 248 1646 5,
267 1564 303 1628 8:
323 1583 495 1646 persuasus
516 1565 568 1628 ille
588 1565 662 1645 feeit
682 1555 863 1627 imitatione
886 1562 1098 1646 Graecorum,
1126 1567 1163 1628 ut
1185 1565 1282 1629 etiam
1304 1565 1359 1630 alii

218 1665 346 1749 quidam
370 1669 514 1730 auctores
540 1665 618 1729 boni
641 1665 791 1730 dixerunt
806 1686 982 1746 persuasus
1002 1686 1074 1730 surr
1094 1688 1152 1749 pro
1170 1688 1360 1750 persuasura

217 1773 261 1833 est
288 1767 382 1846 mibi,
412 1789 442 1831 r.
465 1789 491 1831 e.
516 1765 656 1831 Ovidius.
708 1764 785 1831 Sed.
802 1766 889 1851 finge
923 1788 996 1830 eum
1028 1767 1074 1830 ita
1102 1768 1265 1851 scripsisse
1291 1769 1360 1833 sine

218 1869 377 1952 exemplu,
407 1890 485 1931 num
512 1867 583 1931 ideo
610 1869 671 1933 erit
696 1867 858 1951 putandus
885 1869 1050 1953 ignorasse
1080 1890 1260 1933 sermonem
1290 1869 1361 1934 lati-

216 1969 316 2034 num?
339 1968 457 2034 Nonne
472 1968 625 2033 Horatius
641 1968 722 2037 dixit
736 1971 887 2050 irrideor,
910 1973 947 2033 ut
961 1974 1157 2054 φθονοῦμαι,
1179 1991 1238 2034 nec
1254 1971 1359 2034 minus

217 2075 363 2154 irriperor,
385 2075 422 2134 ut
443 2069 602 2151 dpxopur?
629 2070 672 2134 Et
694 2069 821 2133 Marcus
836 2069 949 2148 Varro,
973 2069 1194 2134 Romanorum
1216 2072 1265 2134 sui
1288 2073 1359 2136 aevi

217 2171 427 2254 doctissimae,
450 2171 482 2235 id
506 2172 566 2237 sibi
590 2169 733 2250 indulsit,
757 2171 842 2254 quod
864 2171 956 2254 pueri
978 2169 1072 2235 hodie
1087 2194 1155 2236 non
1175 2173 1244 2237 sine
1266 2175 1356 2258 gravi

216 2295 320 2357 poena
342 2274 561 2351 committunt,
592 2275 790 2353 satisfecitrrr
812 2275 849 2336 ut
871 2272 990 2336 diceret
1011 2295 1069 2355 pro
1091 2276 1215 2357 satisfit.
1261 2273 1359 2338 Plura

216 2378 322 2438 autem
343 2375 509 2457 aliquanto
532 2396 629 2457 quam
646 2372 731 2456 apud
746 2373 886 2457 reliquos
903 2395 1014 2437 omnes
1037 2374 1299 2439 soloecismorum
1321 2398 1359 2440 ae

215 2476 484 2540 barbarismorum
506 2476 651 2559 exempla
668 2475 753 2558 apud
769 2475 907 2540 comicos
922 2474 1055 2557 reperiri
1070 2479 1184 2539 notum
1200 2480 1258 2561 est,
1281 2499 1358 2560 quo-

216 2599 286 2640 rnm
302 2577 430 2660 quidem
452 2577 487 2641 in
508 2577 571 2641 hac
589 2582 680 2660 parte
695 2576 860 2640 audaciam
875 2575 1006 2640 minime
1022 2577 1168 2642 imitatur
1182 2577 1357 2662 Phaedrae,

216 2677 276 2741 etsi
298 2677 337 2740 ab
359 2676 475 2741 horum
498 2678 619 2760 pariter
642 2680 674 2741 et
695 2679 896 2741 satiricorum
918 2676 1004 2741 haud
1026 2678 1073 2742 ita
1101 2679 1237 2742 multum
1260 2679 1358 2744 distat

217 2779 284 2842 eius
306 2799 407 2862 genus
431 2778 569 2861 dicendi,
598 2778 716 2862 qnippe
740 2777 825 2861 quod
848 2781 880 2841 et
900 2779 1004 2861 ipsum
1030 2781 1079 2860 (ut
1100 2778 1228 2843 Horatii
1251 2782 1357 2844 verbis

216 2881 301 2964 utar)
323 2902 381 2964 per
402 2879 536 2943 humum
558 2882 650 2963 repet
673 2882 705 2942 et
733 2878 912 2943 cotidianae
941 2879 1026 2943 vitae
1056 2902 1178 2944 morem
1205 2880 1357 2965 loquendi

214 2981 333 3046 referre
356 2981 466 3046 soleat.

299 3083 385 3147 Hinc
408 3085 504 3147 etiam
527 3083 646 3160 evenit,
674 3086 710 3146 ut
732 3087 764 3146 et
786 3081 958 3166 aliquando
982 3083 1138 3148 dictiones
1160 3083 1301 3167 plebeias
1324 3089 1356 3148 ct

215 3185 341 3267 saepius
374 3183 524 3248 adhibeat
555 3183 710 3247 vocabula
742 3204 856 3268 graeca
886 3185 1092 3268 (quamquam
1120 3185 1188 3268 ipse
1217 3186 1354 3268 append.

215 3285 280 3349 fab.
304 3285 345 3350 28
369 3283 498 3348 Graecis
519 3283 663 3368 inopiam
685 3284 856 3349 verborum
879 3284 1072 3368 exprobrat),
1097 3307 1122 3350 e.
1147 3306 1172 3349 c.
1196 3289 1354 3372 cinaediae,

210 3393 316 3471 pycta,
339 3391 456 3469 epatris,
482 3387 574 3466 basia,
598 3388 736 3469 stropha,
762 3387 870 3466 tribue,
898 3389 1084 3465 antidotum,
1108 3388 1209 3467 metes,
1227 3410 1354 3472 peprrru,

215 3489 360 3567 toxicum,
382 3489 566 3571 triclinium,
588 3489 712 3570 sopitur,
733 3491 906 3572 pyrruicue,
929 3489 1066 3552 rrerrsicirs
1088 3488 1161 3552 alia.

298 3589 405 3652 Vnam
433 3590 635 3673 potissimum
662 3611 730 3653 rem
758 3589 793 3652 in
820 3589 959 3653 dictione
982 3588 1120 3653 Phaedri
1149 3591 1234 3655 dicas
1263 3595 1355 3656 nota·

218 3691 321 3767 bilem,
344 3690 430 3772 quod
452 3712 545 3773 saepe
568 3692 726 3754 abstracta
748 3692 842 3774 ponit
862 3713 921 3775 pro
948 3691 1114 3774 concretis,
1137 3695 1174 3756 ut
1195 3692 1220 3775 l,
1244 3694 1273 3777 3,
1299 3695 1354 3758 16:

172 3837 179 3851 .
216 3813 269 3856 uec
298 3791 380 3856 lianc
406 3793 564 3873 repulsura
592 3796 647 3855 trra
674 3793 801 3856 sentiret
829 3792 995 3858 columitas
1015 3813 1074 3875 pro
1097 3797 1131 3856 tir
1154 3794 1355 3860 calamitosus

214 3895 356 3971 sentires,
386 3895 442 3956 aut
463 3889 492 3966 I,
521 3891 572 3975 13,
600 3892 652 3956 12:
682 3897 749 3956 turri
775 3893 898 3957 demum
925 3895 1077 3977 inperauit
1104 3896 1188 3960 corui
1214 3897 1353 3978 deeeptus

214 4000 322 4077 stupor
342 4016 401 4077 pro
424 3995 577 4076 ingemuit
597 3994 738 4076 deceptus
759 4013 869 4059 corvus
893 3995 1133 4078 stupidissimus.
1170 3993 1257 4070 Quae
1281 4017 1354 4060 con-

215 4096 347 4159 structio
370 4117 441 4158 cum
464 4093 636 4159 admodum
657 4095 808 4178 frequens
829 4095 872 4158 sit
886 4095 970 4178 apud
991 4095 1078 4160 hune
1098 4099 1234 4179 puttam,
1258 4096 1353 4161 etiam

214 4197 259 4260 ibi
286 4195 346 4261 hac
373 4218 465 4260 usum
494 4218 567 4259 eum
597 4196 763 4280 probabile
790 4200 852 4278 est,
880 4197 935 4260 ubi
963 4218 1039 4260 suus
1068 4195 1162 4260 etiam
1180 4198 1352 4263 'abstracto

214 4299 302 4363 locus
324 4302 381 4362 est.

298 4397 532 4486 Proprietatem
554 4407 661 4465 autem
683 4399 778 4465 istam
800 4399 926 4466 dicendi
949 4399 1028 4486 (qua
1049 4422 1125 4465 sane
1146 4401 1243 4467 etiam
1260 4401 1352 4467 multi
