3354 5204
699 213 905 312 ss23-

230 401 276 465 ita
306 399 450 464 Phaedro
481 400 603 484 aliquid
636 400 797 484 praestitit
826 399 983 463 utilitatis.
1048 356 1238 484 Quanquam
1270 402 1372 467 multo

231 503 324 586 plura
344 501 451 585 potuit
471 506 633 584 praestare
656 500 774 584 eidem,
797 499 861 562 nisi
883 500 1054 564 necessitas
1076 500 1248 566 festinandi
1272 504 1373 567 nimia

230 603 282 668 hio
305 605 341 667 ut
362 603 481 686 ubique
505 602 681 667 obstitisset
703 601 770 664 eius
792 601 934 685 ingenio.

314 703 465 772 (laterum
488 725 560 766 cum
583 702 702 766 sensim
723 701 840 784 peritia
863 701 1000 766 Phaedri
1029 700 1174 766 codicum
1203 707 1235 768 et
1264 703 1373 776 lectio-

228 828 309 870 num
331 804 508 887 antiquitus
530 803 719 867 traditarum
741 802 910 867 excidisset
924 802 1109 867 hominibus
1133 802 1242 883 doctis,
1267 805 1374 869 evenit

229 904 408 989 paullatim,
431 907 468 968 ut
489 904 616 968 fabulae
640 905 707 968 eius
729 904 911 987 acciperent
933 903 1079 968 habitum
1102 925 1121 967 a
1143 905 1291 988 pristino,
1314 906 1369 989 qui

228 1007 321 1070 libris
344 1005 470 1089 scriptis
487 1009 569 1069 esset
586 1005 732 1089 tradituS,
749 1004 920 1069 admodum
936 1004 1087 1089 alienum,
1110 1009 1209 1090 utque
1224 1005 1371 1089 plurimis

229 1108 264 1172 in
288 1107 367 1176 locis
390 1107 603 1192 ignoraretur,
633 1107 711 1190 quid
735 1105 796 1170 fide
810 1105 1077 1184 ,membranarum
1099 1107 1264 1187 niteretur,
1295 1107 1372 1192 quid
1444 1176 1447 1186 ,

230 1209 414 1274 criticorum
437 1207 739 1292 interpolationibus
762 1210 845 1272 esset
866 1211 1030 1272 novatum.
1068 1235 1073 1248 ·

314 1311 427 1394 Itaque
450 1330 522 1373 cum
544 1331 631 1374 anno
656 1309 739 1374 1830
760 1309 857 1372 homo
882 1307 1143 1394 Francogallicus
1170 1310 1271 1375 Iulius
1293 1309 1371 1374 Ber-

229 1433 286 1498 ger
308 1411 345 1475 de
368 1410 488 1493 Xivrey
509 1415 672 1494 protracto
698 1417 808 1474 rursus
830 1431 868 1474 ex
894 1410 1036 1474 tenebris
1058 1410 1167 1475 codice
1189 1410 1370 1476 Pithoeano

229 1515 309 1580 bene
337 1513 469 1576 maritus
498 1515 581 1575 esset
608 1510 646 1575 de
675 1511 836 1594 Phaedro,
865 1511 1030 1595 aliquanto
1056 1511 1129 1596 plus
1157 1511 1258 1576 eidem
1280 1534 1371 1596 prae-

226 1614 310 1679 stitit
348 1611 469 1696 Oaspar
509 1611 663 1697 Orellius,
711 1613 767 1697 qui
803 1612 950 1696 proximo
991 1634 1077 1676 anno
1117 1612 1299 1678 fabularum
1337 1616 1369 1676 et

228 1717 327 1781 libros
360 1705 502 1798 quinque
535 1718 567 1778 at
598 1713 807 1798 appendicem
830 1713 1030 1778 Perottinam
1063 1713 1178 1796 edidit,
1215 1715 1371 1778 instructa

229 1821 384 1903 apparatu
415 1815 526 1880 critico
552 1815 627 1898 tali,
655 1819 692 1880 ut
719 1837 927 1899 quaecunque
956 1815 994 1879 de
1017 1815 1150 1878 diversis
1173 1815 1371 1879 diversorum

159 1951 162 1959 =
229 1918 368 1984 Phaedri
391 1917 536 1981 codicum
558 1915 750 1981 lectionibus
778 1920 885 1981 essent
905 1915 1025 1980 tradita
1053 1919 1371 2000 repraesentarentur

227 2041 329 2105 paene
351 2019 486 2110 integra.
530 2015 619 2084 Idem
647 2019 681 2081 in
708 2017 946 2102 prolegomenis
968 2017 1135 2082 historiam
1157 2017 1300 2082 criticam
1322 2016 1370 2080 fa·

227 2125 344 2202 torum,
368 2125 449 2202 quae
464 2118 604 2201 perpessi
622 2121 697 2182 sunt
712 2116 836 2182 codices
851 2116 989 2182 Phaedri
1012 2121 1112 2201 (nam,
1136 2122 1173 2184 ut
1194 2118 1369 2183 rectissime

228 2221 312 2288 dicit,
327 2219 539 2284 Terentianus
559 2217 701 2301 Maurus,
724 2218 844 2284 habent
866 2241 923 2282 sua
943 2218 1011 2283 fata
1033 2223 1065 2284 et
1086 2219 1201 2304 libelli)
1224 2221 1369 2284 accurate

227 2322 436 2406 perscriptam
450 2321 628 2404 proposuit.
666 2321 778 2404 Itaque
794 2341 912 2405 magna
934 2319 1026 2384 laude
1049 2320 1180 2405 dignam
1203 2341 1367 2384 censemus

227 2423 310 2487 hanc
332 2423 399 2486 eius
421 2421 649 2504 recensionem,
672 2443 856 2505 quanquam
878 2421 947 2504 ipse
968 2419 1008 2484 ad
1024 2419 1222 2486 emendanda
1245 2421 1296 2484 vel
1319 2441 1370 2483 ex·

227 2523 375 2608 plicanda
395 2521 535 2587 Phaedri
564 2523 683 2607 scripta
705 2545 772 2587 non
793 2521 867 2606 plus
889 2521 1027 2586 contulit
1050 2544 1146 2605 quam
1169 2522 1209 2587 ad
1231 2521 1369 2586 Horatii.

231 2625 388 2690 Vtilitatis
412 2627 467 2686 aut
489 2644 603 2706 parum
625 2629 681 2687 aut
700 2622 783 2686 nihil
806 2623 986 2687 attulerunt
1007 2624 1110 2687 eidem
1125 2622 1283 2688 Dressleri
1306 2621 1369 2687 edi-

228 2727 332 2791 tiones
357 2723 694 2808 (Bautzenaea.l83l,
717 2723 846 2807 Lipsiae
862 2723 966 2808 1850),
990 2725 1105 2806 quibus
1128 2724 1222 2788 simul
1244 2727 1281 2787 ut
1296 2745 1367 2792 ¹me·

226 2825 350 2891 moravi
372 2825 564 2889 exhibentur
586 2821 712 2914 fabulae
739 2825 925 2908 pleraeque,
954 2846 1034 2908 quas
1055 2823 1211 2889 Romulus
1234 2828 1290 2889 aut
1312 2825 1368 2888 alii

226 2915 439 3010 servaverant,
463 2948 501 2990 ex
522 2927 661 3010 pedestri
684 2948 829 2991 sermone
851 2927 886 2990 in
902 2947 1011 2990 versus
1027 2930 1154 2990 coactae
1171 2925 1366 3004 deterrimos,

225 3017 330 3113 neque
352 3027 497 3092 Phaedro
526 3027 641 3112 dignos
670 3027 724 3092 sed
751 3026 938 3092 Ribbeckio
985 3025 1106 3102 Quibus
1133 3027 1242 3092 recisis
1270 3027 1368 3090 Pran-

226 3130 327 3194 ziscus
354 3128 623 3212 Eyssenhardtius
651 3129 685 3192 in
713 3131 899 3192 recensione
928 3127 1073 3192 Berolini
1099 3151 1128 3192 a.
1157 3129 1234 3194 1867
1264 3129 1368 3211 publi-

227 3234 298 3296 cata
329 3231 389 3294 etsi
416 3229 484 3312 ipse
512 3251 614 3312 pauca
641 3228 812 3294 admodum
839 3228 972 3293 novavit
999 3229 1033 3291 in
1062 3229 1179 3294 tradita
1201 3229 1367 3314 scriptura,

227 3354 378 3418 magnam
406 3335 515 3396 tamen
542 3330 669 3395 laudem
698 3330 815 3396 meruit
836 3329 922 3414 quod
944 3329 984 3394 ad
1006 3329 1163 3414 tollenda,
1193 3352 1276 3415 quae
1297 3331 1368 3415 plu-

228 3435 309 3498 rima
331 3434 434 3498 latent
454 3433 489 3496 in
512 3431 673 3515 Phaedro,
695 3433 811 3496 menda
832 3431 954 3515 primus
975 3433 1061 3496 inter
1084 3432 1261 3496 Germanos
1282 3433 1368 3516 prio-

228 3558 300 3600 rum
322 3535 462 3598 inventis
485 3534 684 3613 criticorum,
708 3533 846 3598 maxime
869 3532 1017 3617 Bentleii,
1039 3533 1088 3597 uti
1107 3555 1202 3597 ausus
1225 3537 1272 3598 est
1295 3556 1367 3599 cum

228 3637 375 3702 libertate
397 3635 516 3711 iudicii.
556 3635 632 3720 Ego
655 3637 689 3701 in
712 3635 852 3700 editione
875 3656 960 3718 mea,
991 3656 1072 3718 quae
1098 3635 1217 3718 prodiit
1240 3635 1366 3719 Lipsiae

229 3726 309 3803 1868
336 3737 371 3800 in
398 3735 592 3801 bibliotheca
613 3735 850 3814 Teubneriana,
880 3757 1023 3819 quaeque
1050 3736 1225 3820 plurimum
1252 3737 1368 3801 teritur

225 3839 392 3904 hominum
416 3837 554 3900 Phaedri
575 3838 774 3902 curiosorum
796 3860 871 3922 usu,
901 3837 1040 3921 primum
1061 3837 1095 3902 id
1116 3838 1238 3922 studui,
1266 3840 1303 3902 ut
1323 3837 1365 3900 le-

226 3944 378 4028 gerentur
405 3960 515 4004 versus
537 3938 675 4003 Phaedri
702 3939 852 4024 castigati
877 3940 918 4003 ad
946 3961 998 4002 eas
1026 3939 1072 4003 rei
1094 3939 1243 4004 metricae
1266 3941 1364 4024 leges,

227 4064 305 4126 quas
328 4045 414 4105 certo
431 4044 557 4105 constat
572 4044 715 4106 secutum
731 4062 798 4104 esse
813 4040 1003 4124 Phaedrum,
1027 4040 1149 4123 deinde,
1173 4043 1210 4104 ut
1232 4039 1364 4104 omnino

225 4141 377 4208 adhibitis
404 4143 544 4226 propriis
571 4143 692 4226 pariter
713 4145 809 4226 atque
832 4143 945 4206 alienis
967 4141 1244 4207 emendationibus
1268 4141 1364 4204 verba

227 4243 365 4309 Phaedri
397 4243 641 4308 restituerentur
673 4266 768 4328 quam
804 4245 942 4308 maxime
978 4246 1087 4326 posset
1122 4242 1191 4306 fieri
1227 4240 1363 4326 integra.

228 4344 416 4431 Quanquam
439 4367 511 4412 euru
534 4345 631 4414 editio
654 4345 710 4416 illa
731 4349 814 4414 esset
835 4345 1017 4412 scholarum
1036 4345 1240 4431 potissimum
1255 4344 1364 4412 usibus
