3354 5204
680 312 718 321 ..
766 273 889 338 15*-

211 455 259 498 me
281 453 345 497 coa
367 429 548 511 intellegunt
569 427 667 511 (apud
684 425 859 490 Romulum
882 427 929 490 est
951 425 1104 492 omissum
1126 445 1191 508 me,
1214 427 1248 489 in
1269 413 1354 489 Wis-

212 535 370 617 semburg.
394 531 513 615 legitur
540 531 597 594 tibi
616 566 652 576 —
673 527 846 612 intellegis).
869 564 911 574 -
940 525 1112 592 Simillime
1138 523 1351 612 neglegentia,

212 639 249 716 ut
271 634 374 697 obiter
396 632 457 695 hoc
479 651 638 710 moneam,
661 627 686 712 I,
704 629 723 692 9
745 627 839 710 idem,
863 629 896 691 id
913 627 998 712 quod
1021 650 1059 691 ex
1074 626 1213 692 Romulo
1237 648 1354 711 cogno-

212 735 319 817 scitur,
343 731 482 797 servavit
503 730 640 794 Phaedri
663 729 688 810 l,
713 729 753 793 19
774 729 869 794 haec:

363 954 366 963 Ι
449 898 518 950 quas
536 883 569 934 ut
585 881 706 935 vitemus
724 897 820 935 versus
838 881 958 934 subiecti
975 883 1098 939 monent.

300 1039 445 1121 Apparet
459 1039 566 1100 autem
588 1035 623 1098 in
639 1034 931 1121 Wissemburgensi
946 1033 986 1112 V,
1002 1034 1022 1098 6
1044 1034 1150 1100 alieno
1172 1056 1259 1098 nune
1281 1035 1354 1099 loco

212 1151 279 1204 esse
301 1137 459 1222 positum,
490 1137 663 1219 statimque
685 1158 757 1201 cum
780 1140 932 1220 sequente
955 1135 1065 1199 fabula
1086 1139 1161 1220 post
1181 1136 1354 1220 prologum

212 1239 449 1322 collocandum,
478 1241 515 1302 ut
537 1238 579 1301 sit
601 1238 681 1300 alter
702 1225 857 1322 prologus
880 1237 919 1300 ad
941 1235 1103 1301 lectorem.
1149 1235 1219 1311 Quo
1242 1237 1353 1320 utique

212 1340 454 1424 corruptissimo
472 1338 642 1422 respicitur
662 1341 863 1421 prooemium
885 1337 959 1402 libri
974 1337 990 1400 l
1004 1336 1153 1420 Phaedri,
1176 1342 1213 1401 ut
1234 1337 1353 1421 fabula,

212 1464 294 1526 quae
322 1443 480 1525 sequitur,
510 1441 607 1503 ducta
635 1462 673 1503 ex
695 1439 756 1503 Ph.
779 1439 838 1523 Ill,
859 1439 897 1502 12
925 1438 1068 1502 imitatus
1097 1442 1146 1504 est
1172 1461 1353 1522 anonymus

211 1544 342 1608 initium
364 1543 438 1607 libri
460 1543 558 1606 tertii.
597 1541 776 1624 Praeterea,
800 1545 836 1604 ut
856 1544 993 1604 testatur
1016 1539 1210 1604 Oesterleius
1231 1560 1285 1624 pg.
1302 1541 1352 1623 88,

126 1683 128 1688 ·
211 1665 330 1729 magna
352 1666 425 1729 pars
447 1643 576 1726 prologi
597 1642 632 1706 in
655 1643 767 1706 codem
787 1643 837 1706 bis
859 1642 979 1724 scripta
1000 1640 1119 1726 legitur
1140 1641 1180 1724 V,
1204 1641 1240 1726 83
1271 1663 1352 1724 quae

212 1746 340 1829 quidem
363 1745 519 1810 hocloco
542 1743 754 1830 expungenda
776 1747 832 1808 est.
870 1743 983 1808 Finem
999 1744 1098 1807 totius
1114 1743 1253 1827 sylloges
1275 1743 1354 1807 facit

211 1847 354 1911 narratio
378 1847 416 1910 dc
438 1850 546 1911 statua
567 1845 696 1928 Aesopi.

298 1948 432 2013 Latinus
452 1949 607 2031 Aesopus,
629 1949 817 2032 paupertate
839 1947 963 2031 ingenii
986 1947 1098 2010 ductus
1121 1946 1265 2031 aevique,
1289 1969 1352 2030 quo

213 2050 351 2126 vivebat,
373 2049 562 2132 rusticitate,
586 2050 725 2114 servavit
744 2049 933 2132 plerumque
949 2048 1122 2113 dictionem
1137 2069 1268 2112 suorum
1283 2049 1353 2113 lon-

212 2151 305 2234 tium,
328 2151 375 2215 ita
397 2155 513 2230 tamen,
538 2154 575 2214 ut
596 2171 677 2234 quae
699 2151 761 2233 ipsi
776 2148 962 2215 riderentur
975 2151 1071 2215 nimis
1093 2152 1221 2234 poetica
1240 2153 1353 2214 ornatu

212 2274 270 2316 suo
292 2253 443 2335 privaret.

297 2353 398 2419 Vsum
426 2357 533 2418 autem
561 2375 629 2418 esse
658 2375 855 2436 anonymum
882 2354 952 2436 ipso
979 2353 1041 2418 hoc
1069 2352 1177 2418 codice
1200 2353 1353 2436 antiquis·

208 2455 309 2538 sime,
332 2477 371 2519 ex
393 2476 456 2539 quo
480 2455 567 2519 ducti
589 2459 665 2519 sunt
686 2453 823 2519 Phaedri
846 2455 936 2538 libri,
959 2454 1103 2519 nondum
1125 2458 1274 2519 truncato
1297 2454 1352 2518 illo

211 2560 268 2620 aut
285 2557 480 2639 abbreviat0,
504 2555 723 2638 compluribus
745 2556 944 2640 corruptelis,
968 2579 1049 2640 quae
1072 2578 1257 2621 communes
1279 2561 1355 2620 sunt

214 2659 342 2741 Aesopo
366 2658 467 2722 latino
490 2662 522 2720 et
543 2658 738 2722 membranis
754 2657 885 2722 Gallicis
907 2657 957 2722 vel
972 2657 1157 2723 Perottinae
1183 2661 1220 2724 fit
1240 2660 1354 2743 proba-

213 2758 288 2822 bile.
326 2758 460 2844 Legitur
473 2756 566 2825 Rom.
582 2757 608 2840 I,
628 2761 643 2821 1
667 2761 703 2823 ia
724 2760 931 2840 sterquilinio,
954 2759 1202 2844 utPh.IlI,12,
1221 2763 1254 2843 13
1277 2759 1352 2844 11,r

212 2861 354 2925 laudasti
380 2862 464 2942 quod
486 2862 622 2940 fuimus,
655 2865 683 2924 et
709 2861 777 2926 iam
800 2860 908 2946 (etlam
930 2858 1116 2939 Wissemb.,
1139 2859 1232 2925 Rom.
1256 2860 1353 2945 abac)

147 2949 152 2960 ’
211 2963 348 3028 damnas
370 2964 454 3044 quod
473 2981 590 3040 samus,
614 2965 651 3024 ut
665 2960 724 3027 Ph.
742 2959 782 3045 V,
797 2962 877 3043 10,9
899 2963 983 3042 quod
1001 2962 1124 3044 futinus
1139 2963 1264 3044 laudus,
1287 2964 1354 3026 icor

212 3065 348 3128 detraes
377 3065 459 3145 quod
484 3083 611 3142 sumus,·
643 3061 699 3145 IV,
721 3064 742 3126 3
764 3063 883 3146 ubique
906 3064 1014 3145 lupae,
1044 3064 1141 3127 utin
1169 3063 1265 3126 inscr.
1288 3062 1352 3126 fab.

212 3163 334 3228 Perott.
357 3165 414 3247 263
439 3163 477 3243 V,
504 3167 543 3227 10
565 3163 612 3228 cd.
636 3162 808 3227 Wissemb.
825 3165 971 3245 plecteret
991 3168 1028 3228 ut
1049 3163 1108 3233 Ph.
1132 3163 1173 3242 V,
1197 3164 1226 3246 9,
1249 3164 1284 3246 33
1312 3163 1354 3227 32
1449 3182 1452 3189 ·

212 3263 277 3328 fab.
300 3263 366 3331 Nil.
390 3266 482 3329 trivio
510 3270 668 3330 contentus
701 3265 823 3350 (potius
850 3268 1022 3348 conceptas)
1051 3269 1079 3330 et
1106 3266 1142 3329 ia
1168 3265 1355 3330 stercoribus

211 3367 360 3431 educatus
381 3369 418 3429 ut
439 3366 497 3430 Ph.
521 3365 546 3448 I,
567 3368 670 3450 27,11
697 3368 790 3430 trivio
812 3371 973 3448 conceptus
994 3371 1023 3430 et
1044 3368 1192 3433 educatus
1212 3371 1352 3431 stercore.

212 3466 325 3551 Neque
359 3466 487 3551 dubito,
522 3469 601 3552 quin
634 3468 729 3533 etiam
764 3469 901 3552 saepius*
917 3467 1143 3532 mendosorum
1170 3467 1353 3532 communio

212 3569 440 3652 scripturarum
473 3572 508 3633 in
535 3570 673 3634 Phaedri
701 3569 863 3635 codicibus
892 3573 924 3632 et
952 3570 1080 3652 Aesopo
1110 3568 1226 3633 Latino
1253 3568 1356 3654 possit

213 3670 468 3752 commonstrari,
492 3672 596 3736 acrius
618 3672 645 3735 si
666 3672 790 3736 rimere.
816 3710 852 3717 -
881 3669 950 3735 Nec
972 3672 1086 3735 desunt
1108 3670 1186 3754 loci,
1209 3671 1264 3734 ubi
1286 3669 1354 3753 ipse

212 3792 392 3853 anonymus
409 3771 587 3854 corruperit
601 3771 738 3836 Phaedri
754 3795 872 3837 versus.
890 3811 930 3820 -
952 3772 1040 3837 Idem
1062 3777 1170 3836 tamen
1191 3793 1260 3836 non
1282 3793 1354 3836 raro

212 3871 305 3936 affert
326 3871 482 3936 medelam
504 3873 683 3956 depravatis
706 3877 819 3957 poetae
842 3875 957 3939 verbis.

296 3973 374 4037 Dixi
401 3975 497 4038 modo
526 3996 594 4038 non
621 3974 690 4040 solo
713 3974 858 4040 Phaedro
881 3997 949 4039 esse
971 3997 1064 4039 usum
1092 3978 1256 4039 auctorem
1279 3995 1354 4038 ano·

212 4095 344 4157 nymum
367 4075 486 4159 Aesopi
508 4075 632 4159 Latini,
655 4076 751 4161 idque
773 4078 841 4161 ipse
863 4080 1014 4159 testatur,
1033 4099 1104 4140 curn
1127 4077 1205 4141 dicit
1225 4077 1260 4139 in
1282 4096 1354 4159 pro-

212 4177 304 4261 logo:
327 4183 532 4243 corroderer
555 4182 584 4242 ct
598 4200 724 4261 paucae
746 4181 820 4244 olim
839 4180 928 4260 fuere
947 4180 1087 4260 sabratae,
1109 4179 1170 4256 sed,
1194 4180 1355 4242 otmarus

211 4279 298 4360 lieret
325 4299 451 4362 cnlpae,
480 4281 581 4344 adieci
607 4301 644 4346 err
671 4302 720 4344 mc
740 4300 854 4360 cocae,
883 4286 987 4362 aperte
1009 4286 1037 4345 et
1058 4281 1188 4344 breviter
1209 4282 1352 4360 scriptae.
1426 4320 1442 4358 ,-

214 4375 369 4444 Similiter
384 4380 458 4463 V,6
481 4381 579 4445 idem:
600 4383 787 4462 fabularer
804 4384 895 4462 potul
918 4383 1019 4444 (silleri
1040 4384 1169 4464 insuper
1189 4401 1297 4461 aevae,
1320 4385 1356 4443 ut
