3354 5204
332 374 429 438 nymo
452 351 611 437 quendam
634 352 755 417 cultum
779 353 934 417 orationis
956 352 1087 436 addidit,
1110 351 1258 416 existimo
1278 374 1345 417 esse
1361 355 1473 418 aetatis

333 455 566 540 Carolingicae.
602 453 766 538 Anonymi
782 453 1093 538 Wissemburgensis
1108 456 1195 516 aetas
1211 453 1337 518 definiri
1352 455 1473 537 nequit.

333 555 559 621 Nilantianum
581 558 666 620 certe
688 559 763 638 post
783 553 957 618 Romulum
979 555 1079 619 fuisse
1102 557 1243 637 apparet.

274 653 276 658 ’
415 656 507 721 Illius
535 656 682 742 syllogen
707 657 916 739 inscriptione
939 678 976 720 ac
998 655 1233 739 subscriptione
1256 658 1344 720 omni
1367 678 1475 721 caren-

332 763 398 822 tem
430 758 485 842 (cf.
508 756 596 822 Roth
618 758 639 826 l.
663 780 704 824 m.
727 758 804 837 524,
820 757 886 844 25)
915 779 953 822 ex
975 757 1083 821 codice
1105 755 1265 822 Vossiano
1289 779 1369 821 saec.
1394 757 1473 821 XIII

332 864 477 925 accurate
501 859 682 940 admodum,
706 863 742 923 ut
763 881 822 942 pro
845 859 910 922 illis
931 859 1140 942 temporibus,
1163 858 1285 940 primus
1308 859 1406 922 edidit
1417 858 1474 922 Ni-

336 962 455 1026 lautius
478 961 626 1045 Lugduni
649 959 845 1026 Batavorum
868 983 897 1024 a.
923 960 1014 1025 1709.
1053 1012 1055 1016 .

417 1061 558 1126 Fabulae
579 1060 709 1126 Romuli
731 1061 891 1144 prioribus
914 1060 1047 1125 saeculis
1069 1082 1172 1144 saepe,
1195 1061 1378 1143 nuperrime
1401 1065 1476 1124 sunt

332 1163 435 1228 adibas
458 1163 498 1227 ab
520 1162 709 1227 Hermanno
733 1161 919 1246 Oesterlei0,
942 1162 1087 1226 Berolini
1109 1183 1137 1225 a.
1163 1162 1257 1244 1870,
1290 1161 1346 1244 qui
1367 1165 1475 1226 tamen

334 1268 469 1348 excepto
491 1264 577 1349 quod
608 1264 716 1329 codice
747 1265 878 1349 egregio
907 1264 1045 1348 quodam
1068 1262 1171 1326 Musei
1194 1262 1374 1327 Britannici
1402 1285 1475 1326 usus

334 1371 463 1431 estnec
485 1367 591 1430 minus
614 1365 721 1431 codice
744 1365 1036 1450 Wissemburgensi
1064 1364 1115 1447 (de
1137 1385 1201 1447 quo
1224 1364 1364 1447 primum
1386 1385 1475 1428 accu-

335 1468 435 1533 ratius
464 1469 531 1554 egit
558 1491 585 1532 a.
619 1467 701 1531 1844
731 1466 913 1531 Ludovicus
940 1463 1087 1530 'Pressius
1120 1465 1257 1549 epistula
1289 1465 1328 1528 ad
1359 1464 1476 1528 Iulium

332 1567 506 1653 Pleutelot)
529 1568 612 1633 nihil
634 1569 737 1632 bonae
759 1567 862 1653 frugis
884 1567 1022 1632 contulit
1051 1565 1199 1630 Romule.
1244 1565 1329 1629 Nam
1356 1587 1397 1629 ne
1419 1567 1475 1631 Ni·
1571 1605 1578 1612 ·

272 1683 278 1694 ·
331 1670 476 1734 lantiano
505 1669 634 1752 quidem
665 1690 826 1752 anonymo
854 1669 930 1733 satis
958 1674 1006 1733 est
1034 1690 1118 1732 usus
1145 1705 1186 1715 -
1215 1665 1400 1750 Optandum
1428 1672 1477 1730 est

334 1771 449 1855 igitur,
472 1774 626 1854 utquam
649 1771 788 1853 primum
809 1769 943 1853 prodeat
963 1769 1201 1853 paraphraseon
1224 1768 1362 1832 Phaedri
1384 1768 1476 1852 pede-

333 1872 447 1935 strium
464 1873 606 1937 recensio
623 1893 696 1935 cum
711 1872 828 1954 peritia
841 1869 950 1935 Latini
965 1871 1121 1935 sermonis
1144 1874 1176 1934 et
1197 1893 1256 1934 usu
1279 1869 1325 1933 rei
1348 1869 1475 1934 criticae

332 1973 428 2037 facta.
473 1972 644 2037 Praeterea
665 1994 750 2038 novo
780 1971 894 2036 editori
917 1971 1133 2055 anquirendae
1156 1975 1251 2037 erunt
1272 1972 1475 2036 membranae

334 2077 390 2138 aut
413 2074 591 2158 apographi
608 2073 918 2159 Wissemburgensis
941 2073 1070 2157 similes,
1094 2073 1197 2156 qualis
1220 2078 1268 2137 est
1284 2071 1475 2137 Oxoniensis

333 2195 414 2239 saec.
438 2173 531 2252 XIV,
568 2197 663 2258 quam
691 2179 849 2240 memorat
877 2175 1071 2240 Oesterleius
1092 2196 1147 2268 pg.
1170 2175 1227 2258 22,
1261 2178 1317 2238 aut
1346 2172 1475 2238 Romuli

333 2298 429 2359 quam
451 2276 656 2360 plenissimae
672 2281 705 2356 et
719 2277 954 2362 integerrimae,
977 2277 1063 2340 inter
1084 2297 1164 2360 quas
1186 2275 1271 2340 haud
1294 2275 1355 2339 erit
1368 2275 1476 2359 negle-

334 2377 440 2462 genda
461 2376 724 2442 vindobonensis
745 2378 811 2458 illa,
835 2379 874 2442 de
896 2400 960 2461 qua
982 2376 1064 2440 dixit
1085 2363 1235 2442 Grossius
1256 2397 1309 2463 pg.
1334 2377 1404 2446 790.

419 2479 569 2542 Ceterum
598 2500 679 2562 quae
707 2479 742 2542 in
771 2480 856 2544 calce
884 2479 960 2544 libri
988 2478 1114 2543 additae
1142 2482 1218 2542 sunt
1239 2479 1278 2542 ab
1301 2476 1476 2541 Oesterleio

333 2579 478 2664 fabulae,
506 2602 525 2642 a
546 2577 684 2644 Romulo
708 2584 741 2644 et
762 2581 932 2664 anonymis
960 2579 1083 2644 duobus
1106 2580 1243 2662 alienae,
1271 2579 1353 2642 nihil
1380 2578 1476 2661 plane

336 2679 509 2744 conferunt
531 2679 570 2744 ad
593 2681 792 2746 emendanda
814 2682 865 2746 vel
888 2682 1066 2766 supplenda
1087 2680 1224 2746 Phaedri
1246 2680 1374 2763 scripta.

418 2781 564 2845 Fuerunt
577 2804 597 2845 a
612 2782 709 2846 Gudii
724 2783 799 2847 inde
815 2787 958 2868 tempore
974 2783 1076 2867 multi,
1100 2783 1155 2865 qui
1175 2780 1299 2846 fabulas
1322 2781 1476 2864 anonymi

335 2881 645 2966 Wissemburgensis
660 2883 859 2967 aliorumque
876 2885 959 2948 curis
975 2886 1124 2965 servatas,
1140 2882 1216 2966 quia
1231 2904 1268 2945 ex
1285 2885 1374 2964 parte
1389 2881 1475 2946 haud

334 2983 429 3047 dubie
452 2987 559 3047 essent
580 2983 727 3068 Phaedri,
750 2985 785 3047 in
806 3007 917 3050 versus
940 2987 1066 3050 coactas
1087 2987 1314 3068 proponerent.
1354 2983 1475 3058 Quibus

334 3085 483 3149 omnibus
505 3090 637 3170 propter
658 3086 790 3150 nimiam
806 3091 982 3153 metrorum
1005 3086 1200 3170 imperitiam
1214 3086 1308 3150 cessit
1322 3107 1373 3149 res
1395 3084 1476 3149 infe-

335 3186 500 3270 licissime,
530 3208 602 3250 cum
629 3191 739 3253 tamen
766 3188 953 3273 plerumque
980 3188 1068 3252 facili
1097 3209 1194 3272 opera
1214 3192 1347 3270 possent
1367 3208 1476 3251 versus

334 3289 408 3352 ehci
430 3288 521 3372 digni
543 3289 699 3353 Phaedro.
744 3289 829 3354 Nam
852 3291 931 3354 adeo
960 3289 1046 3353 haud
1072 3289 1118 3353 ita
1140 3311 1212 3352 raro
1235 3289 1327 3352 utin
1349 3287 1475 3368 fabulis,

334 3393 416 3473 quae
439 3390 498 3453 sub
520 3390 642 3472 Aesopi
664 3391 795 3454 nomine
817 3389 980 3467 feruntur,
1010 3389 1140 3452 Graecis
1162 3388 1288 3460 Babrii‚
1317 3388 1363 3450 ita
1391 3389 1476 3470 apud

335 3489 509 3556 Romulum
532 3494 564 3554 et
587 3493 709 3554 eeteros
731 3489 869 3554 Phaedri
898 3489 1016 3573 integri
1046 3489 1097 3552 vel
1125 3493 1209 3553 certe
1238 3487 1393 3552 dimidiati
1422 3489 1476 3552 tri-

335 3593 430 3656 metri
453 3591 570 3655 servati
592 3595 677 3656 sunt.
723 3590 821 3657 Cuius
843 3591 890 3654 rei
913 3590 1058 3673 exempla
1079 3589 1192 3654 afferre
1214 3589 1310 3654 liceat
1337 3591 1412 3668 tria,
1441 3591 1476 3653 in

334 3694 450 3777 quibus
466 3687 683 3776 'superiorum
715 3696 819 3757 aetate
857 3692 1041 3756 crIticorum
1077 3691 1259 3775 probabilia
1295 3694 1476 3755 commenta

334 3817 402 3859 non
424 3795 559 3878 mutavi,
581 3795 698 3858 vitiosa
720 3794 853 3858 correxi.
1051 3777 1055 3785 ⁵

893 3895 919 3960 I.

740 4000 880 4052 Gladius
900 4004 933 4052 et
951 4001 1068 4054 viator.

538 4083 669 4136 Gladium
687 4084 779 4137 viator
796 4085 890 4138 madia
907 4085 1064 4154 proiectum
1083 4085 1130 4137 via

538 4167 650 4221 Invenit
668 4170 697 4221 et
714 4169 839 4239 rogavit:
859 4169 921 4238 quis
939 4170 968 4223 te
986 4169 1129 4238 perdidit?

538 4250 589 4305 Cui
606 4253 708 4310 telum:
727 4269 772 4306 me
792 4253 906 4321 quidem
924 4271 1004 4320 unus,
1023 4256 1053 4306 at
1070 4253 1174 4307 multos
1193 4267 1253 4321 ege.

536 4336 638 4390 Pereat
656 4339 830 4408 prinsquam,
851 4339 947 4391 multis
966 4337 1051 4390 exitIo
1069 4340 1112 4390 est
1129 4353 1239 4390 nocens,
