3354 5204
794 297 830 308 ..
879 261 1001 348 13⁹„

327 411 396 496 bus,
419 435 500 497 quae
522 412 612 476 libris
634 410 812 476 Pithoeano
835 434 872 477 ao
894 411 1046 476 Remensi
1073 411 1124 475 vel
1146 411 1314 476 Perottino
1343 415 1468 476 servata

328 518 418 596 sunt,
449 514 559 578 ductas
582 534 649 578 esse
672 517 722 578 sat
743 517 878 578 constat.
923 512 966 576 Et
987 513 1165 576 notandum
1191 512 1308 575 librum
1331 511 1468 576 Phaedri

327 615 494 699 aliquanto
518 615 643 697 saepius
666 615 844 679 adhibitum
868 613 982 698 quovis
1009 612 1214 696 reliquorum.
1259 611 1380 678 Contra
1402 635 1468 677 non

329 719 413 780 recte
436 714 571 780 credidit
592 714 730 780 Rothius
753 715 845 780 Rom.
868 713 963 797 lue
986 713 1116 778 ductum
1139 737 1177 778 ex
1199 712 1337 778 Phaedri
1358 712 1415 790 IV,
1431 713 1467 797 4,

328 840 403 882 nam
441 817 628 900 paraphrasi
669 839 818 901 expressa
854 818 902 880 est
933 815 1058 897 fabula,
1096 837 1177 899 quae
1208 816 1340 898 propius
1372 815 1469 899 longe

326 941 422 1002 quam
445 918 583 983 Phaedri
606 918 770 982 accederet
791 917 830 982 ad
854 915 1034 1000 exemplum
1064 916 1238 994 Graecum,
1262 915 1347 999 quod
1369 915 1467 979 hahes

327 1021 362 1084 in
384 1020 513 1102 Aesopo
538 1018 658 1082 Halmii
682 1041 706 1082 s.
729 1041 761 1082 n.
780 1017 849 1102 115,
868 1019 917 1083 16.
941 1017 1054 1100 Neque
1076 1016 1167 1081 Rom.
1190 1016 1216 1098 I,
1232 1017 1269 1100 4,
1292 1001 1351 1098 IV,
1370 1018 1409 1080 10
1431 1038 1469 1080 ex

326 1120 465 1186 Phaedri
487 1119 516 1202 Ι,
544 1121 597 1203 11,
620 1118 650 1202 I,
677 1122 713 1183 11
742 1119 836 1184 ducta
858 1120 1047 1183 existimem.
1093 1117 1203 1184 Sciens
1226 1120 1332 1182 autem
1356 1118 1468 1182 omitto

326 1222 448 1287 leviora
480 1221 636 1304 quaedam
671 1221 855 1285 discrimina
884 1242 966 1304 quae
993 1219 1078 1283 inter
1105 1217 1287 1283 Phaedrum
1317 1222 1350 1284 et
1377 1241 1469 1303 para·

325 1323 479 1406 phrasten
501 1321 712 1388 intercedunt.
757 1321 846 1387 Haec
876 1322 961 1386 enim
988 1324 1166 1404 potuerunt
1192 1320 1285 1404 oriri,
1312 1321 1388 1405 quia
1414 1323 1469 1384 aut

327 1424 437 1508 augeri
460 1422 675 1507 explicarique
697 1422 796 1488 vellet
818 1445 898 1506 quae
921 1423 1074 1507 leguntur
1095 1421 1179 1504 apud
1197 1420 1391 1505 Phaedrum,
1414 1424 1471 1485 aut

329 1546 449 1590 sensus
463 1523 557 1588 huius
579 1546 692 1608 parum
714 1524 932 1609 intellegeret,
961 1527 1017 1587 aut
1038 1527 1075 1587 ut
1097 1543 1297 1608 paganorum
1320 1521 1470 1605 supersti-

329 1625 427 1690 tionis
450 1625 586 1710 restigia
605 1625 736 1689 tolleret
758 1626 825 1690 sive
840 1625 1019 1690 sententiae
1034 1623 1157 1707 morali,
1180 1645 1276 1707 quam
1298 1623 1366 1706 ipse
1389 1623 1470 1705 opti-

326 1748 410 1790 mam
439 1726 625 1810 iudicasset,
654 1725 821 1811 adaptaret
846 1726 989 1792 fabulam
1016 1724 1223 1809 propositam.
1268 1723 1317 1787 Ex
1339 1723 1466 1801 fabulis,

327 1849 462 1912 quarum
483 1827 591 1892 fontes
613 1849 680 1891 non
703 1831 821 1910 extant,
844 1826 930 1891 haud
953 1827 1048 1890 dubie
1069 1847 1143 1909 pars
1166 1829 1293 1909 sumpta
1317 1825 1354 1888 de
1371 1824 1469 1891 Phae-

327 1930 376 1993 dri
398 1928 573 2013 exemplari
594 1927 755 2012 pleniore3
779 1928 812 1991 id
835 1929 920 2012 quod
942 1929 1014 2011 ipsa
1030 1948 1097 1991 101
1118 1948 1192 1992 raro
1215 1926 1339 1991 indicat
1361 1924 1467 1990 dictio.

325 2030 394 2094 Iam
428 2051 613 2115 quanquam
635 2029 766 2094 difficile
788 2032 895 2112 potest
917 2028 1099 2112 diiudicari,
1129 2049 1211 2111 quae
1234 2049 1273 2091 ex
1293 2027 1355 2092 hoc
1377 2026 1468 2090 fonte

326 2132 440 2196 ductae
458 2132 532 2213 sint,
556 2152 637 2214 quae
660 2130 798 2214 aliunde,
821 2134 930 2195 tamen
952 2130 1094 2195 breviter
1115 2129 1274 2212 indicabo,
1297 2129 1467 2213 inquibus

312 2232 529 2317 potissimum
557 2231 696 2296 Phaedri
724 2231 841 2296 indolis
872 2231 1008 2316 vestigia
1040 2252 1213 2316 agnoscere
1242 2230 1323 2294 mihi
1350 2229 1468 2294 videar.

326 2333 410 2398 Sunt
430 2333 530 2418 igitur
552 2333 622 2416 hae,
645 2332 762 2398 diversi
784 2355 860 2398 sane
883 2338 915 2397 et
936 2333 1023 2416 ipsae
1045 2332 1155 2416 pretii:
1181 2331 1275 2397 Rom.
1298 2330 1324 2414 1,
1349 2332 1384 2415 3,
1410 2331 1465 2413 123

327 2433 622 2518 16317318.;19;
658 2434 758 2518 Π,9,
785 2435 840 2516 10,
872 2433 931 2517 IH,
957 2435 991 2517 1,
1014 2436 1052 2515 4,
1074 2434 1109 2516 5,
1143 2434 1197 2516 13,
1229 2433 1285 2515 14,
1319 2433 1375 2516 16,
1408 2430 1466 2514 IV,

326 2536 362 2618 8,
384 2535 442 2618 20,
465 2556 560 2598 1101.
584 2535 756 2598 Wissemb.
781 2534 821 2618 V,
844 2536 880 2616 9,
904 2557 1000 2602 anon.
1023 2534 1147 2599 Nilant.
1170 2535 1227 2617 34,
1250 2534 1307 2616 36,
1330 2533 1382 2597 58.

411 2637 518 2719 Atque
535 2634 614 2700 adeo
630 2636 725 2700 unius
741 2658 779 2700 ex
795 2636 859 2701 illis
875 2639 930 2721 qui
951 2633 1051 2701 fuerit
1074 2636 1151 2700 olim
1173 2636 1262 2700 loeus
1284 2635 1319 2698 in
1340 2634 1468 2718 integro

327 2736 500 2821 exemplari
528 2737 666 2801 Phaedri
695 2737 806 2802 videor
837 2738 917 2802 mihi
950 2760 1044 2822 posse
1073 2737 1300 2801 demonstrare.
1345 2735 1468 2818 Nempe

244 2875 265 2906 ,ι
328 2836 412 2921 quod
434 2838 538 2901 fertur
559 2839 779 2922 promythium
802 2861 898 2903 carm.
925 2840 964 2904 13
986 2839 1007 2903 l.
1029 2838 1092 2904 IV:

546 2955 642 3009 utilius
659 2955 766 3010 homini
784 2955 855 3009 nihil
873 2958 916 3009 est
933 2971 1019 3024 quam
1037 2956 1113 3009 recte
1130 2953 1223 3022 loqui:

547 3035 694 3108 probahda
711 3038 818 3092 cunctis
837 3039 1011 3108 estquidam
1029 3039 1177 3104 sententia,

546 3123 596 3177 sed
614 3123 650 3176 ad
668 3122 823 3192 perniciem
841 3123 913 3178 solet
930 3123 977 3194 agi
994 3123 1152 3188 sinceritas;

327 3246 461 3327 apparet
482 3243 572 3307 nullo
595 3242 691 3306 modo
713 3243 874 3330 pertinere
898 3243 937 3306 ad
959 3241 1102 3307 fabulam
1125 3243 1162 3306 de
1188 3242 1280 3306 leone
1303 3246 1474 3327 regnante,

326 3343 416 3408 ouius
439 3348 664 3428 argumentum
687 3344 804 3408 rectius
826 3344 928 3407 multo
957 3343 1060 3407 fertur
1087 3342 1170 3426 apud
1193 3342 1367 3408 Romulum
1388 3343 1468 3408 tale:

329 3444 467 3529 (verum)
492 3449 520 3510 11
541 3445 626 3526 loqui
642 3464 748 3525 pecua
771 3449 815 3508 111
835 3449 863 3508 11
885 3449 984 3508 tacere
1006 3448 1192 3508 1011111111
1214 3444 1337 3526 (coram
1357 3447 1473 3527 potem

325 3545 436 3628 tibus).
481 3545 525 3610 Et
545 3544 735 3628 perstrinxit
757 3543 921 3608 Phaedrus
943 3547 1052 3626 aperte
1082 3544 1257 3620 aulicorum
1280 3543 1365 3608 vitae
1387 3545 1469 3628 peri·

325 3646 404 3711 cula.
430 3685 467 3693 —
497 3645 618 3710 Contra
639 3667 749 3710 versus
770 3645 835 3728 illi,
865 3667 945 3729 quos
968 3633 1065 3729 supra
1086 3644 1249 3729 adscripsi,
1273 3646 1351 3728 quin
1373 3647 1469 3729 aptis·
1518 3661 1521 3667 '

325 3749 403 3810 sime
435 3751 677 3830 praeponantur
709 3746 837 3810 fabulae
872 3745 910 3809 de
943 3746 1128 3810 hominibus
1162 3746 1269 3810 fallaci
1303 3750 1335 3810 et
1363 3747 1467 3810 veraci

237 3837 240 3844 ¹
324 3869 432 3912 coram
454 3849 618 3912 simiarum
640 3868 715 3932 rege
743 3847 840 3911 verba
869 3848 1061 3913 facientibus
1085 3847 1190 3931 (Rom.
1213 3847 1271 3931 IV,
1294 3848 1342 3931 8),
1371 3870 1466 3910 nemo
1547 3834 1552 3849 ’

325 3952 405 4031 puto
429 3948 597 4017 dubitabit.
623 3989 660 3996 —
690 3948 839 4015 Ceterum
866 3935 1075 4034 promythidir
1091 3949 1184 4026 illud
1211 3949 1275 4012 iam
1304 3949 1380 4012 olim
1408 3969 1466 4012 suo

325 4071 364 4113 ex
385 4049 456 4114 loeo
479 4051 670 4114 translatum
691 4051 726 4114 in
749 4051 889 4115 alienum
911 4056 1044 4134 apparet
1066 4074 1103 4116 ex
1126 4052 1182 4135 eis,
1206 4072 1286 4134 quae
1308 4049 1342 4113 in
1360 4048 1467 4114 codice

231 4145 246 4162 '
327 4149 622 4235 Wissemburgensi
644 4157 817 4234 praemissa
839 4157 914 4216 sunt
934 4152 1062 4216 fabulae
1085 4153 1123 4216 de
1145 4153 1246 4216 leone.

396 4252 540 4316 *Ceteras
562 4252 688 4317 fabulas
710 4253 786 4336 quia
807 4257 863 4317 aut
878 4255 1005 4337 ineptae
1021 4253 1071 4318 vel
1087 4254 1228 4317 elumbes
1244 4256 1299 4317 aut
1314 4253 1465 4316 verbosae

325 4353 421 4420 nimis
444 4358 499 4417 aut
520 4354 612 4417 fictae
635 4376 746 4436 parum
771 4375 922 4437 prospere
945 4378 983 4418 ex
1006 4354 1077 4417 aliis
1099 4354 1257 4434 videntur,
1281 4377 1300 4416 1
1321 4353 1489 4418 Phaedro
