3354 5204
703 347 742 357 -
789 313 911 374 11·-

154 450 157 457 ¹
234 487 301 532 non
328 468 525 549 potestesse
552 464 685 547 mirum,
714 464 800 546 quod
828 465 863 527 in
889 463 1007 530 fabulis
1029 466 1098 530 solo
1121 466 1246 531 Perotti
1268 467 1376 532 codice

235 566 368 631 servatis
390 566 515 648 saepius
538 587 634 648 quam
649 565 685 629 in
700 566 813 630 ceteris
831 566 1034 650 gravioribus
1049 570 1098 632 est
1113 590 1194 652 opus
1216 569 1375 634 remediis.

318 667 383 733 Vix
405 667 560 752 memoria
582 669 659 730 sunt
680 666 770 751 digni
792 667 856 732 loci
877 667 1025 752 plurimi,
1054 669 1110 732 ubi
1131 691 1227 734 sensu
1249 670 1376 756 integro

234 793 299 836 una
320 769 483 834 duabusve
505 767 621 832 litteris
643 772 700 832 aut
720 768 898 833 immutatis
919 791 1086 853 perperam
1102 773 1158 834 aut
1173 770 1288 836 additis
1310 773 1377 836 sive

233 871 405 935 subtractis
426 890 538 935 versus
559 868 611 932 lex
632 869 771 953 perierit,
794 873 831 934 ut
851 871 952 954 4,12;
977 873 1006 954 Ι,
1021 872 1055 952 5,
1080 871 1109 954 8,
1124 871 1179 952 28,
1193 872 1248 955 31,
1273 873 1375 956 0,12,

236 972 285 1056 10,
309 972 364 1055 12,
390 971 440 1054 15,
456 971 493 1054 3,
510 971 545 1054 8,
570 970 619 1054 18,
643 970 708 1035 16.'
730 969 792 1035 Sed
815 971 965 1056 graviora
986 977 1023 1037 ut
1044 973 1184 1056 afferam,
1207 972 1305 1038 habes
1327 973 1377 1037 bis

233 1076 345 1157 terque
378 1072 469 1138 nullo
503 1093 575 1137 cum
607 1074 755 1157 respectu
787 1072 881 1136 metri
914 1075 1011 1138 verba
1043 1094 1222 1158 synonyma
1257 1077 1376 1138 temere

232 1175 407 1240 substituta
428 1177 465 1238 ut
486 1174 516 1258 5,
533 1174 573 1240 15
596 1175 725 1256 quisqoe
746 1195 806 1258 pro
829 1177 909 1258 quis,
932 1175 961 1253 6,
979 1176 1017 1240 13
1040 1176 1190 1258 castigate
1211 1196 1271 1259 pro
1294 1176 1375 1240 colri-

232 1278 315 1362 bcte,
329 1279 378 1361 11,
400 1276 421 1339 2
442 1276 585 1359 Aesopus
604 1297 664 1359 pro
686 1273 801 1360 Phryx
821 1276 945 1359 sophos,
968 1277 990 1340 4
1010 1297 1086 1341 suos
1107 1298 1167 1359 pro
1189 1277 1265 1355 cios,
1292 1276 1377 1359 12,4

234 1381 282 1444 uit
303 1399 362 1462 pro
384 1379 498 1460 iuquit,
524 1377 572 1460 13,
591 1377 630 1440 19
645 1379 811 1459 oriturque
832 1398 891 1460 pro
913 1379 1072 1470 1111111111,
1096 1378 1148 1461 26,
1166 1379 1182 1440 l
1199 1377 1288 1444 celeri
1300 1379 1377 1460 pede

231 1502 292 1564 pro
314 1481 467 1562 celeripes,
490 1478 623 1544 omissas
646 1477 680 1542 in
704 1479 889 1561 compositis
912 1478 1166 1563 praepositiones
1187 1482 1226 1544 ut
1249 1479 1298 1563 14,
1323 1479 1377 1562 12,

231 1581 316 1666 28,9
335 1581 430 1663 ferre,
447 1586 538 1648 occet
550 1601 610 1665 pro
625 1580 751 1664 referre,
766 1585 904 1660 recocct;
926 1580 1052 1644 abiecta
1073 1581 1180 1663 verba,
1204 1603 1286 1663 quae
1309 1581 1379 1644 sine

232 1703 343 1746 sensus
365 1681 482 1748 damno
505 1685 639 1766 possent
659 1680 837 1765 praeteriri,
860 1685 897 1746 ut
918 1681 948 1765 3,
966 1683 982 1744 l
1000 1682 1082 1760 olim,
1106 1682 1172 1765 ao
1194 1701 1265 1764 csso,
1289 1682 1377 1765 8,17

233 1785 321 1866 poio,
345 1785 395 1867 13,
414 1785 452 1849 ll
475 1789 511 1862 ct,
535 1783 622 1866 26,3
645 1803 710 1848 oro.

316 1883 407 1950 Haec
434 1889 543 1952 tamen
571 1906 607 1950 ac
634 1884 727 1968 talia,
756 1906 837 1968 quae
863 1885 1052 1969 plerumque
1080 1884 1204 1950 Perotti
1232 1884 1376 1970 ingenio,

233 2007 339 2050 crasso
367 1987 431 2070 illi,
460 1993 516 2054 sed
538 1980 733 2070 verecundo,
761 1985 970 2051 adscribenda
991 1986 1155 2069 existimo,
1185 1985 1238 2050 vix
1259 1985 1378 2051 medio-

233 2108 320 2152 crem
342 2087 458 2152 fallent
479 2088 635 2155 criticum.

316 2188 457 2254 Fabulae
485 2189 559 2254 illae
587 2187 681 2253 XXX
702 2189 771 2253 solo
793 2188 918 2253 Perotti
946 2187 1029 2254 libro
1057 2192 1240 2273 prestantes
1268 2192 1377 2254 utrum

233 2295 340 2356 essent
354 2289 493 2356 Phaedri
507 2313 619 2372 necne,
642 2313 700 2375 per
721 2291 841 2354 multos
856 2311 959 2355 annos
981 2290 1129 2373 plurimis
1153 2291 1378 2375 acerrimisque

231 2392 398 2458 doctorum
419 2393 590 2459 hominum
611 2391 874 2459 contentionibus
890 2395 938 2456 est
952 2392 1160 2476 anquisitum.
1194 2389 1277 2458 Mihi
1299 2392 1377 2477 quid

231 2493 270 2557 de
292 2493 353 2559 hac
375 2516 409 2559 re
431 2494 588 2579 videatur,
610 2494 752 2560 breviter
774 2515 943 2578 exponam.

314 2596 363 2660 Ac
385 2596 525 2679 primurn
548 2595 676 2679 quidem
698 2594 784 2679 quod
806 2594 846 2660 ad
867 2598 1110 2680 argumentum,
1135 2617 1285 2681 magnam
1308 2617 1376 2661 esse

232 2695 475 2761 similitudinem
497 2697 582 2761 inter
604 2696 664 2761 has
685 2695 813 2761 fabulas
836 2700 869 2760 et
890 2718 954 2778 eas,
976 2718 1058 2781 quae
1073 2701 1150 2762 sunt
1171 2697 1258 2762 haud
1280 2697 1375 2763 dubie

230 2796 385 2882 Phaedri,
419 2801 560 2882 apparet.
603 2797 681 2863 Non
714 2798 799 2862 enim
832 2797 912 2862 tales
939 2801 1084 2883 tantum,
1117 2799 1227 2883 quales
1253 2800 1375 2882 Aesopi

230 2899 376 2983 exemplo
409 2899 573 2984 scripsisse
605 2921 702 2984 supra
733 2900 909 2965 memoravi
942 2898 1137 2992 Phaedrum,
1177 2900 1233 2965 sed
1266 2900 1375 2984 quales

229 3000 352 3065 alienae
385 3001 425 3065 ab
458 3005 587 3086 Aesopo
622 3005 655 3066 et
686 2999 825 3065 Phaedri
858 3005 934 3065 sunt
964 3001 1132 3086 propriae,
1170 3023 1208 3067 ex
1239 3002 1376 3067 historia

200 3102 349 3184 =petitae
376 3106 432 3167 aut
460 3106 545 3167 certe
573 3103 721 3168 fabuloso
750 3106 895 3168 carentes
923 3105 1130 3187 argumento,
1165 3103 1376 3168 inveniuntur

228 3203 263 3266 in
284 3203 471 3268 Perottinis.
514 3203 588 3268 Huc
614 3205 756 3287 pertinet
784 3204 976 3268 1111111125
1006 3203 1044 3268 de
1073 3202 1205 3269 Socrate
1234 3203 1287 3290 (de
1310 3227 1375 3288 quo

229 3304 327 3368 etiam
348 3304 484 3370 historia
504 3305 644 3370 refertur
664 3304 723 3388 III,
746 3305 791 3391 9),
815 3326 841 3370 c.
865 3306 885 3370 8
908 3304 946 3369 de
968 3304 1125 3390 Pompeio
1148 3305 1269 3392 Magno
1292 3306 1374 3370 eius·

228 3427 290 3489 que
305 3406 417 3491 milite,
440 3429 466 3472 c.
485 3408 524 3471 13
546 3406 585 3472 de
607 3407 741 3472 muliere
763 3406 861 3471 vidua
882 3410 915 3471 et
935 3407 1038 3472 milite
1061 3406 1158 3494 (quae
1175 3429 1213 3472 ex
1228 3408 1374 3473 Petronii

229 3511 337 3574 satura
358 3508 527 3573 notissima
549 3511 598 3574 est
618 3507 788 3594 narratio),
813 3530 839 3572 c.
858 3508 897 3571 14
919 3509 958 3574 de
980 3510 1106 3592 sponsis
1128 3508 1227 3574 divite
1242 3513 1276 3574 et
1296 3531 1375 3593 pau·

220 3629 313 3691 perc.
351 3607 432 3674 Cum
454 3610 505 3674 his
528 3609 761 3694 comparandae
783 3608 923 3674 Phaedri
944 3609 1010 3675 fab.
1033 3609 1127 3694 11‚5;
1150 3609 1211 3693 III,
1236 3611 1291 3691 10,
1314 3609 1373 3694 IV,
1456 3621 1462 3632 “

228 3711 285 3793 22,
309 3709 351 3774 ib.
367 3709 419 3777 25.
443 3710 493 3776 01.
516 3712 613 3776 etiarn
628 3735 701 3796 app.
717 3711 758 3776 21
782 3733 854 3776 cum
869 3710 1005 3776 Phaedr.
1021 3711 1063 3795 H,
1078 3712 1117 3795 2,
1137 3711 1196 3795 ΙΠ,
1212 3712 1242 3780 8.
1264 3711 1373 3777 Etiam

227 3810 485 3876 narratiunculae
508 3835 525 3876 e
545 3812 612 3878 vita
626 3812 747 3896 Aesopi
768 3813 888 3896 petitae
910 3812 945 3876 in
967 3813 1142 3896 appendice
1165 3813 1255 3878 iuxta
1277 3816 1372 3898 atque

226 3912 261 3977 in
283 3913 398 3978 ceteris
421 3913 583 3996 opusculis
606 3916 788 3978 occurrunt.
825 3914 974 3998 Denique
990 3935 1063 3978 cum
1085 3913 1149 3978 fab.
1166 3915 1276 3999 appo
1297 3917 1371 3998 apte

228 4013 369 4079 conferri
390 4014 512 4098 poterit
533 4013 591 4078 Ph.
608 4012 648 4097 V,
664 4014 694 4078 8.
726 4013 847 4080 Contra
869 4014 987 4080 adsunt
1007 4015 1164 4099 quaedam
1186 4015 1315 4080 fabulae
1336 4016 1371 4079 in

227 4113 335 4180 codice
359 4115 546 4200 Perottino,
578 4137 713 4200 quarum
742 4117 888 4200 exempla
908 4138 1040 4201 prorsus
1063 4117 1179 4181 similia
1201 4117 1236 4181 in
1258 4117 1371 4182 ceteris

225 4216 344 4280 fabulis
371 4238 440 4282 non
474 4221 659 4302 occurrant,
683 4221 721 4282 ut
741 4218 777 4301 2,
800 4218 829 4282 6.
874 4219 1076 4302 Argumenta
1105 4221 1212 4282 tamen
1245 4218 1369 4301 harum,

226 4339 362 4400 quarum
384 4318 485 4383 altera
506 4319 660 4384 asseritur
682 4319 830 4384 homines
859 4319 968 4384 multis
996 4319 1091 4384 rebus
1118 4318 1229 4384 cedere
1258 4320 1370 4384 bestiis

227 4417 431 4502 quibusdam,
460 4420 561 4486 altera
588 4442 629 4486 ne
658 4420 767 4488 divino
797 4421 925 4507 quidem
952 4420 1078 4488 monitu
1100 4442 1160 4488 nos
1183 4421 1223 4488 ad
1247 4424 1368 4490 rectam
