3354 5204
692 257 903 320 -29-

226 414 333 478 minus
356 413 426 496 ipsa
447 411 566 495 fabula,
590 432 653 494 qna
674 411 782 493 potius
803 411 962 494 candoris,
986 414 1019 475 et
1041 411 1120 475 adeo
1142 411 1250 496 nimii,
1273 434 1368 496 quam

227 515 366 579 invidiae
389 513 486 577 ullius
507 511 701 597 proponitur
716 512 907 595 exemplum.
946 510 1038 587 Quod
1060 534 1133 578 cum
1155 513 1202 576 ita
1223 513 1273 597 sit,
1295 517 1370 596 post

227 616 397 700 prologum
420 636 518 678 unam
542 617 627 677 certe
649 612 792 677 fabulam
816 613 969 679 excidisse
991 614 1144 698 suspicor.

312 715 462 780 Oeternm
491 715 568 779 satis
598 717 725 778 constat
751 714 848 778 verba
876 714 1053 798 promythii
1081 714 1256 793 Perottini‚
1288 738 1369 799 quae

228 840 325 900 supra
345 817 496 900 apposui,
524 837 582 898 per
609 814 890 898 interpolationem
914 815 1021 878 addita
1045 815 1112 880 esse
1135 816 1210 880 huic
1232 816 1369 900 fabulae,

230 918 331 1002 petita
352 917 409 980 illa
431 938 470 980 ex
491 916 701 1000 inscriptione
730 915 793 980 fab.
818 939 889 1000 app.
914 917 1034 981 Perott.
1059 918 1088 1000 8,
1116 940 1179 1001 qua
1202 919 1309 1002 agitur
1331 919 1370 981 de

161 1007 166 1013 ⁶
232 1041 269 1084 eo
292 1019 347 1102 qui
371 1040 443 1082 cum
464 1018 626 1082 videretur
641 1039 708 1081 esse
724 1017 874 1082 cinaedus
890 1021 973 1082 esset
988 1019 1037 1081 vir
1052 1018 1147 1083 fortis
1164 1022 1195 1084 et
1210 1023 1368 1088 strennus.

230 1119 274 1183 Et
300 1119 376 1182 huic
405 1120 532 1202 quidem
561 1106 694 1183 carmini
721 1119 849 1204 egregie
875 1121 1027 1184 convenit
1054 1120 1263 1204 promythion
1291 1122 1368 1186 tale:

230 1243 326 1305 quarn
348 1220 479 1284 difficile
502 1221 544 1283 sit
565 1220 729 1284 hominem
751 1222 856 1283 nesse.
895 1207 1015 1284 Contra
1036 1221 1131 1305 plane
1153 1223 1300 1306 ineptum
1323 1227 1371 1287 est

208 1326 263 1385 ,et
286 1322 427 1386 alienum
455 1322 494 1386 ab
524 1321 612 1385 omni
639 1320 866 1404 probabilitate
888 1321 1070 1386 Phaedrum
1098 1323 1295 1394 existimasse
1323 1345 1370 1388 re·

231 1446 306 1489 vera
328 1423 469 1487 decuisse
492 1422 720 1505 Menandrum,
751 1422 830 1486 adeo
853 1426 890 1486 ut
910 1423 993 1486 nihil
1015 1425 1133 1509 magis
1156 1424 1302 1490 habitum
1325 1425 1369 1490 ci-

230 1525 397 1589 naedicnm
424 1528 456 1588 et
483 1524 669 1605 delicatum,
704 1527 736 1588 et
763 1523 880 1586 iniuste
914 1525 1015 1609 egisse
1049 1525 1262 1601 Demetrium,
1298 1548 1369 1590 cum

232 1648 305 1690 eum
327 1625 583 1708 reprehenderet.
628 1625 766 1689 Videtur
797 1626 905 1708 potius
939 1626 1035 1690 etiam
1068 1625 1129 1691 hac
1161 1627 1270 1692 fabula
1302 1649 1372 1710 per-

190 1735 194 1742 “
231 1728 396 1791 strinxisse
418 1728 468 1790 sni
485 1727 644 1812 temporis
667 1726 794 1790 criticos
822 1731 932 1810 poeta,
962 1728 1176 1811 comparando
1205 1751 1278 1793 cum
1307 1751 1372 1792 ma-

233 1829 382 1912 lignitate
397 1829 526 1907 horum‚
543 1829 658 1912 quibus
674 1850 838 1911 nunquam
854 1831 1036 1912 praesentis
1050 1829 1137 1893 bona
1149 1832 1372 1912 probarentur,

232 1931 395 2014 praeteriti
419 1931 589 1994 candorem
612 1931 745 2013 saeculi,
769 1930 854 2013 quod
877 1930 927 1993 vel
951 1934 1061 2014 aperta
1083 1931 1163 1995 vitia
1185 1931 1218 1994 in
1241 1932 1372 2014 scripto-

231 2032 319 2096 ribus
341 2033 466 2116 magnis
488 2032 582 2095 facile
604 2031 738 2096 tulisset.

317 2132 357 2216 V,
380 2135 409 2217 3,
435 2134 582 2198 11-13:

420 2251 473 2304 hoc
492 2251 659 2319 argumento
677 2250 787 2304 veniam
806 2251 867 2306 dari
885 2251 975 2317 docet,

419 2336 468 2404 qui
486 2352 550 2390 casn
568 2337 676 2405 peccat,
696 2352 779 2402 qnam
799 2336 847 2404 qui
866 2336 982 2389 consilio
1001 2341 1044 2389 est
1060 2352 1171 2389 nocens.

416 2419 496 2472 illum
514 2436 573 2474 esse
591 2419 690 2489 quavis
708 2419 825 2489 dignum
842 2435 935 2489 poena
952 2419 1053 2477 iudico.

316 2521 365 2586 Ex
387 2521 437 2586 his
459 2522 599 2605 primum
625 2522 856 2607 expungendus
883 2526 932 2586 est
958 2545 988 2589 v.
1023 2522 1171 2607 ultimus;
1208 2544 1374 2606 nunquam

233 2623 319 2686 enim
340 2621 504 2686 Phaedrus
532 2645 611 2705 quas
640 2624 754 2687 asserit
781 2623 973 2707 promythiis
1001 2625 1068 2687 sive
1097 2625 1282 2708 epimythiis
1304 2645 1375 2688 sen-

162 2777 169 2788 .
234 2727 351 2790 tentiae
374 2744 558 2787 communes
581 2746 638 2787 sua
659 2724 760 2807 ipsius
782 2725 981 2809 auctoritate,
1005 2724 1058 2788 sed
1083 2725 1149 2789 sive
1171 2725 1300 2804 fabulae
1323 2749 1374 2789 ve-

233 2824 310 2888 teris
334 2824 401 2889 sive
430 2825 570 2889 auctoris
593 2825 805 2908 eiushesopi
827 2825 933 2890 firmat
954 2827 1157 2910 testimonio,
1180 2827 1278 2890 semel
1302 2826 1378 2910 (Ill,-

234 2927 268 3007 4)
292 2929 327 2990 nt
349 2947 382 2990 se
405 2926 499 2991 aliter
520 2927 659 2990 iudicare
682 2925 786 2994 addat.
819 2926 863 2990 Et
877 2927 947 3011 ipsa
962 2927 1108 2992 codicum
1123 2928 1218 2993 lectio
1235 2928 1375 2992 declarat

233 3027 350 3092 ultima
384 3028 482 3092 verba
513 3050 571 3112 per
603 3027 886 3111 interpolationem
905 3028 1043 3094 'adiecta
1077 3029 1235 3096 Phaedre.
1290 3029 1374 3094 Nam

234 3151 306 3191 cum
328 3151 359 3193 v.
385 3131 423 3192 12
446 3129 624 3213 antiquitus
646 3129 768 3193 feratur
791 3151 897 3212 quom,
922 3136 998 3212 satis
1021 3135 1155 3215 apparet
1175 3153 1234 3215 pro
1257 3130 1374 3195 vitioso

234 3230 291 3294 illo
314 3231 403 3310 dori,
432 3230 518 3313 quod
546 3231 580 3295 in
609 3231 782 3314 archetypo
802 3231 984 3295 fabularum
1007 3232 1111 3296 scriba
1132 3232 1313 3315 nescioquis
1335 3232 1387 3294 ad

234 3330 392 3395 defectum
415 3352 527 3395 sensus
555 3353 591 3396 ac
621 3331 715 3396 metri
738 3335 909 3415 utcumque
931 3332 1104 3417 tegendum
1126 3333 1305 3416 reposuisse
1328 3338 1376 3396 est

233 3432 479 3517 existimandus,
508 3434 725 3517 comparativo
754 3435 862 3518 potius
885 3434 993 3518 aliquo
1015 3457 1083 3499 esse
1107 3442 1203 3518 op'us,
1234 3439 1270 3499 ut
1297 3436 1375 3497 haec

234 3534 300 3597 fere
324 3534 446 3599 dedisse
468 3535 649 3600 Phaedrum
672 3536 728 3599 fiat
749 3535 929 3618 probabile:

436 3669 489 3733 hoc
508 3672 704 3740 argumentum
722 3671 820 3726 veniae
839 3671 929 3738 magis
947 3672 1044 3738 aptum
1063 3671 1144 3726 docet

437 3755 485 3820 qui
504 3771 568 3808 casu
586 3756 688 3822 peccat
705 3771 789 3821 quam
808 3753 856 3822 qui
875 3754 1019 3809 consilicst
1035 3761 1165 3824 nocens3'

234 3849 307 3937 sive
329 3872 437 3955 potius
465 3875 621 3958 placuerit
648 3874 726 3938 tale:
764 3874 858 3938 venio
887 3895 977 3956 osope
1004 3877 1134 3958 dippum
1162 3878 1256 3941 docet.
1300 3897 1374 3941 nam

234 3996 324 4056 mupc
351 3973 456 4040 forma
483 3997 539 4039 cnr
565 3975 746 4040 Phaedrum
780 3976 886 4040 minus
919 3998 1012 4041 usum
1046 3999 1112 4042 esse
1146 3978 1248 4043 dicem
1277 4000 1372 4060 cluam

236 4075 350 4159 Syrum
373 4077 460 4158 (223.
483 4077 560 4163 650)
583 4098 650 4141 non
671 4077 784 4142 habeo

321 4177 468 4261 Append.
490 4179 521 4262 4,
543 4179 595 4262 23,
619 4179 675 4243 24:

438 4296 569 4376 simulata
586 4296 728 4350 interdum
746 4295 815 4350 vitia
831 4297 949 4366 prosunt
966 4297 1133 4366 hominibus,

438 4379 488 4435 sed
506 4382 634 4452 tempore
652 4382 714 4450 ipso
731 4383 826 4434 tamen
845 4383 964 4448 apparet
982 4385 1092 4442 veritas,
