3354 5204
803 326 1012 388 „16-

332 474 571 555 muidsucorpas
592 476 685 557 ytcrct.
732 472 819 549 Quae
842 477 902 540 etsi
924 477 959 540 in
975 448 1122 542 mentem
1145 484 1299 545 revocant
1320 503 1366 559 ea,
1394 504 1473 565 quae

332 575 370 637 de
393 596 426 638 se
448 579 586 639 testatur
607 575 772 640 Phaedrus
795 577 816 640 l.
838 576 896 661 IV,
918 578 1000 662 prol.
1027 580 1166 644 10-13:

868 713 1002 780 quoniam
1021 714 1129 782 caperis
1146 715 1258 782 fabulis,

551 796 625 860 Quas
643 795 789 864 Aesopias,
807 811 863 849 non
881 796 986 866 Aesopi
1003 798 1126 866 nomino,

551 878 623 944 Quia
640 895 744 948 paucas
762 879 810 932 ille
831 881 967 946 ostendit,
987 897 1040 950 ego
1058 882 1154 950 plures
1172 883 1240 949 fero,

549 963 623 1016 Vsus
641 964 753 1016 vetusto
772 979 876 1032 genere
895 964 945 1018 sed
962 965 1047 1018 rebus
1065 966 1158 1020 novis:

332 1083 425 1147 <locet
445 1087 556 1146 tamen
578 1102 628 1145 res
656 1082 726 1164 ipsa
753 1103 820 1146 non
843 1103 882 1145 ex
904 1082 1012 1146 servili
1034 1082 1172 1149 Phaedri
1194 1086 1388 1170 imitatione,
1418 1089 1473 1152 sed

331 1205 389 1266 pro
419 1205 495 1248 vero
529 1204 637 1246 rerum
670 1188 756 1247 statu
788 1183 1021 1268 paraphrasten
1048 1185 1105 1249 illa
1133 1185 1171 1250 de
1199 1208 1232 1250 se
1265 1189 1472 1270 praedicasse.

331 1284 401 1350 Neo
416 1305 492 1348 vero
508 1283 541 1346 id
556 1283 757 1368 significatur
778 1284 865 1349 hisce
888 1285 1003 1369 verbis,
1025 1287 1169 1369 proferre
1192 1287 1356 1352 hominem
1378 1290 1473 1354 istum

329 1385 455 1450 fabulas
483 1385 614 1468 proprio
644 1385 776 1470 ingenio
799 1387 956 1450 inventae.
1000 1385 1106 1450 Nimis
1134 1388 1252 1471 quippe
1281 1391 1398 1454 stultus
1425 1395 1473 1454 est

330 1487 530 1570 compilator.
564 1483 626 1549 Sed
649 1487 687 1549 de
709 1486 853 1550 fontibus
869 1487 988 1571 Aesopi
1004 1487 1113 1551 Latini
1136 1492 1307 1570 antequam
1330 1512 1472 1575 agamus

330 1609 410 1670 quae
442 1589 582 1651 rationes
615 1588 814 1652 intercedant
846 1589 931 1652 inter
958 1592 1120 1653 auctorem
1150 1589 1289 1673 sylloges
1316 1589 1469 1654 Wissem·

329 1689 498 1774 burgensis
525 1688 762 1772 Romulumque
791 1692 823 1753 et
851 1711 1047 1773 anonymum
1076 1687 1299 1754 Nilantianum
1335 1693 1473 1756 breviter

257 1874 259 1880 Α
329 1791 553 1872 exponendum
583 1795 641 1853 est.
687 1791 798 1873 ltaque
832 1791 876 1853 sic
908 1791 1041 1854 habeto:
1075 1789 1138 1853 fuit
1165 1812 1280 1874 corpus
1313 1793 1471 1876 quoddam
1515 1875 1518 1880 Ι

330 1892 513 1955 fabularum
529 1892 650 1974 Aesopi
666 1913 704 1954 ex
720 1891 937 1974 compluribus
960 1891 1144 1955 auctoribus
1165 1891 1274 1956 latinis
1297 1895 1470 1957 conflatum

328 1993 462 2076 antiquo
490 1989 661 2055 admodum
695 1993 791 2056 medii
820 1993 891 2056 aevi
924 1993 1065 2071 saeculo,
1100 1994 1289 2076 inscriptum
1322 1994 1402 2056 illud
1435 1999 1471 2056 ut

329 2095 505 2157 memoravi
520 2093 640 2176 Aesopi
663 2093 795 2158 nomine
817 2094 991 2178 datumque
1014 2094 1054 2157 ad
1075 2093 1196 2158 Rufum
1219 2095 1387 2178 quendam.
1421 2094 1470 2158 Ex

327 2195 390 2259 hoc
406 2215 512 2278 opere,
529 2193 614 2277 quod
629 2195 734 2276 periit,
757 2217 915 2278 nusquam
930 2196 995 2259 iam
1010 2197 1154 2278 inspecto
1169 2194 1307 2260 Phaedri
1324 2194 1469 2278 exemplo

328 2318 384 2359 sua
405 2299 530 2359 traxere
552 2296 673 2378 pariter
695 2317 874 2380 anonymus
889 2294 1200 2380 Wissemburgensis
1216 2299 1248 2359 ct
1264 2295 1469 2364 Nilantianus

327 2419 364 2461 ac
379 2386 545 2460 Romulus
583 2395 708 2461 Horum
725 2397 811 2460 enim
826 2397 966 2480 syllogas
989 2419 1028 2460 ex
1050 2418 1115 2460 uno
1138 2397 1229 2460 fonte
1251 2396 1380 2461 fluxisse
1402 2419 1469 2461 non

328 2501 423 2562 modo
457 2497 639 2561 fabularum
670 2498 811 2580 ipsarum
844 2497 964 2561 maiore
997 2501 1089 2580 parte
1118 2518 1154 2561 ac
1182 2497 1321 2560 dictione
1350 2520 1469 2582 earum,

287 2679 289 2684 ¹
327 2600 382 2662 scd
410 2599 481 2681 ipso
510 2599 738 2681 comprobatur
766 2598 877 2685 ordine
909 2598 995 2661 haud
1026 2599 1136 2682 paucis
1165 2598 1243 2662 locis
1271 2598 1366 2681 plane
1395 2620 1470 2663 con-

326 2703 470 2785 gruente,
495 2703 531 2762 ut
554 2720 593 2762 ex
614 2699 724 2764 tabula
746 2722 842 2784 quam
863 2700 1034 2783 proposuit
1054 2698 1193 2764 Rothius
1215 2719 1269 2783 pg.
1290 2699 1353 2764 545
1374 2699 1469 2764 facile

247 2835 251 2842 .
326 2803 467 2884 apparet.
512 2799 621 2864 Prima
650 2805 756 2864 autern
785 2801 882 2864 series
907 2802 1050 2884 corporis
1072 2801 1159 2864 illius
1182 2806 1277 2884 atque
1301 2801 1378 2864 adeo
1400 2805 1469 2865 tota

325 2904 430 2966 forma
451 2900 576 2965 fidelius
599 2923 695 2984 quarn
718 2902 794 2965 alibi
817 2908 943 2966 servata
965 2907 1012 2965 cst
1028 2901 1149 2984 sylloge
1165 2901 1467 2986 Wissemburgensi,

326 3007 458 3086 excepto
493 3002 579 3086 quod
608 3001 765 3084 quaedam
799 3024 837 3065 cx
871 3003 965 3067 initio
1000 3002 1074 3065 libri
1103 3002 1138 3065 in
1170 3003 1267 3066 finem
1298 3025 1467 3086 perperam

231 3185 233 3192 Α
324 3105 480 3168 translata
501 3125 598 3187 supra
619 3104 804 3168 memoravi.

409 3208 455 3269 At
468 3227 648 3288 anonymus
662 3204 871 3270 Nilantianus
887 3206 1011 3270 omissis
1033 3205 1233 3289 praefatione
1253 3228 1290 3269 ac
1311 3206 1467 3270 librorum

325 3307 532 3371 distinctione
555 3310 587 3370 et
615 3307 742 3391 epilogo
766 3307 822 3388 (cf.
846 3305 943 3371 Roth.
966 3329 1020 3392 pg.
1043 3307 1121 3389 524,
1145 3307 1201 3391 25)
1228 3306 1353 3370 fabulas
1383 3307 1466 3370 solas

325 3407 455 3472 reddere
484 3407 560 3470 satis
593 3407 722 3489 habuit,
755 3409 810 3470 sed
842 3408 939 3471 verba
966 3409 1036 3490 ipsa
1069 3406 1169 3470 fontis
1197 3428 1235 3469 ex
1262 3411 1352 3490 parte
1381 3409 1465 3469 certe

324 3510 445 3573 maiore
468 3531 540 3572 cum
562 3508 624 3573 fide
646 3531 741 3592 quam
757 3530 936 3592 anonymus
951 3507 1261 3599 Wissemburgensis
1282 3528 1465 3590 repraesen-

324 3610 415 3673 tavit.
447 3608 535 3673 Idem
557 3614 594 3674 ut
616 3609 725 3674 omisit
739 3609 882 3692 corporis
897 3608 1111 3692 antiquissimi
1134 3607 1260 3671 fabulas
1283 3608 1367 3672 haud
1389 3630 1466 3691 pan-

324 3731 386 3788 cae,
410 3710 456 3774 ita
470 3710 601 3793 addidit,
625 3732 705 3793 quae
721 3711 804 3795 apud
819 3709 993 3775 Romulum
1008 3731 1075 3794 non
1097 3709 1316 3777 inveniuntur.
1344 3709 1466 3775 Contra

324 3810 471 3894 pudendo
494 3811 581 3875 furto
603 3810 760 3875 Romulus
788 3813 917 3895 quidam
945 3811 1092 3896 syllogen
1114 3833 1195 3895 quae
1218 3813 1383 3895 hucusque
1406 3812 1464 3875 sub

324 3913 445 3995 Aesopi
473 3913 603 3976 nomine
629 3912 767 3976 ferretur
794 3913 854 3977 sibi
883 3913 1045 3998 arrogavit
1071 3914 1240 3996 hactenus,
1271 3917 1306 3976 ut
1328 3913 1464 3995 fingeret

323 4015 445 4096 Aesopi
476 4013 592 4077 librum
623 4014 710 4079 hunc
743 4037 761 4078 a
788 4037 821 4078 se
848 4036 886 4078 ex
916 4014 1037 4078 Graeco
1071 4035 1216 4078 sermone
1249 4013 1284 4075 in
1312 4012 1463 4076 Latinum

323 4115 525 4179 translatum.
572 4113 674 4179 Simul
696 4120 859 4199 arreptum
880 4115 1052 4199 prologum
1076 4119 1246 4197 utrumque
1269 4118 1301 4176 et
1322 4113 1380 4177 hio
1396 4113 1462 4177 illic

324 4221 482 4280 mutatum
503 4217 660 4299 prooemii
683 4217 753 4281 loco
777 4217 894 4300 posuit,
917 4215 1002 4299 quod
1024 4215 1188 4298 inscripsit
1209 4215 1360 4278 Tiberino
1382 4215 1460 4277 filio.

245 4391 247 4396 Ι
323 4317 428 4380 Huius
450 4339 570 4381 nornen
592 4319 791 4383 amonachis
814 4317 909 4381 medii
932 4319 1001 4382 aevi
1024 4338 1266 4402 nonnumquam
1289 4320 1337 4379 est
1359 4315 1461 4378 detor-

323 4422 391 4482 tum
420 4419 451 4482 in
482 4417 616 4504 Tiberii,
648 4419 731 4482 sicut
756 4418 912 4481 Romulus
940 4418 1099 4481 interdum
1128 4418 1168 4479 alv
1195 4417 1294 4480 isdem
1323 4415 1461 4481 creditus
