3354 5204
764 1078 896 1200 aa

813 1228 846 1326 s

343 1445 509 1509 Miraberis
517 1495 524 1524 ,
554 1445 654 1508 amice
677 1443 877 1526 suavissime,
908 1443 993 1526 quod
1016 1463 1076 1527 ego
1083 1492 1092 1525 ,
1121 1464 1216 1526 quem
1238 1448 1342 1508 totum
1365 1446 1398 1508 in

260 1563 360 1628 Nonii
387 1563 510 1647 sylloge
524 1566 722 1645 'occupatum
746 1561 964 1643 existimabas,
994 1561 1100 1624 subito
1128 1563 1339 1645 prompserim
1369 1564 1404 1624 li-

265 1683 383 1745 bellum
407 1680 587 1764 argumenti
609 1701 739 1762 prorsus
761 1679 867 1743 alieni.
913 1677 974 1743 Sed
996 1679 1156 1762 profecto,
1180 1683 1217 1743 ut
1238 1679 1283 1743 ait
1304 1679 1404 1743 Phae·

261 1805 335 1862 drus
370 1803 496 1879 noster,
531 1797 625 1861 debet
654 1797 826 1880 aliquando
857 1797 951 1862 ludus
987 1796 1055 1860 dari
1091 1797 1215 1880 animo,
1248 1797 1287 1860 ad
1319 1799 1404 1882 cogi-

259 1915 392 1979 tandum
426 1915 541 1978 melior
573 1919 609 1979 ut
637 1916 746 1979 redeat
772 1917 841 1979 tibi.
891 1915 1049 1997 Equidem
1078 1919 1234 1998 quantum
1261 1915 1332 1978 aliis
1361 1915 1403 1980 sit

265 2054 450 2096 concessum
486 2037 619 2096 naturae
656 2033 740 2096 dono
778 2033 919 2099 nescio·
953 2031 1056 2096 Nobis
1092 2037 1177 2097 certe
1213 2054 1272 2116 pro
1308 2033 1403 2096 huius
1442 2035 1455 2058 ⁸

261 2150 418 2213 tenuitate
445 2151 568 2234 ingenii
597 2150 761 2213 nonlicet
790 2151 962 2232 quotannis
992 2152 1136 2215 emittere
1164 2149 1338 2231 Lucilium,
1368 2156 1404 2214 ut

264 2269 468 2352 negotiorum
501 2267 636 2330 aliorum
674 2287 769 2349 super
802 2268 864 2331 alia
896 2269 1129 2332 cumulatorum
1166 2268 1401 2331 multitudinem

261 2386 403 2469 caelique
420 2385 651 2468 Petropolitani
675 2385 897 2468 intemperiem
919 2407 959 2449 ne
982 2407 1136 2450 accusem.
1174 2385 1281 2450 Habes
1304 2385 1403 2468 igitur

261 2504 419 2568 nonnulla
453 2505 491 2567 de
527 2503 673 2567 Phaedro
707 2504 822 2568 litteris
854 2505 1059 2588 consignata,
1096 2526 1232 2587 quorum
1265 2503 1404 2567 maxima

260 2645 334 2704 pars
352 2621 447 2685 *mihi
481 2621 651 2703 succrevit,
690 2621 764 2685 dum
798 2622 903 2686 hieme
935 2623 1080 2704 proxime
1113 2643 1300 2706 praegressa
1337 2622 1403 2686 eius

261 2739 387 2802 fabulas
416 2760 537 2803 enarro.

345 2856 464 2920 Addita
486 2861 561 2921 sunt
582 2856 767 2940 appendicis
790 2857 892 2920 instar
913 2857 1050 2940 paucula
1072 2857 1110 2920 de
1133 2823 1268 2922 man-Q

343 2975 461 3038 Totum
484 2976 590 3038 autem
608 2975 795 3057 opusculum
812 2976 951 3058 exceptis
973 2976 1148 3059 nonnullis,
1171 2998 1252 3059 quae
1268 2977 1402 3041 subinde

260 3093 369 3176 adieci,
392 3094 480 3176 prius
497 3093 532 3156 in
547 3093 626 3157 actis
641 3094 812 3156 menstruis
828 3093 999 3157 Ministerii
1015 3093 1232 3158 Institutionis
1248 3095 1400 3160 Publicae

260 3233 368 3274 mense
402 3209 488 3274 Maio
527 3210 669 3294 prodisse
708 3212 796 3275 scito.
847 3211 963 3275 Insunt
994 3212 1028 3274 in
1062 3234 1099 3275 eo
1136 3212 1290 3294 quaedam
1326 3220 1400 3278 nota

263 3328 387 3411 pridem
420 3351 456 3392 ac
490 3329 635 3414 vulgata:
673 3351 732 3394 nec
768 3334 876 3392 tamen
908 3329 1040 3411 despero
1073 3330 1142 3394 fore
1175 3334 1211 3394 ut
1242 3331 1402 3414 plerisque

262 3445 361 3528 digna
383 3448 514 3530 cognitu
537 3469 596 3512 nee
617 3469 776 3511 novorum
798 3469 910 3530 expers
934 3449 1138 3512 inventorum
1162 3448 1306 3513 videatur
1327 3471 1403 3513 cura

219 3629 226 3638 ,
262 3566 380 3625 nostra.
424 3565 463 3627 ln
485 3587 565 3646 qua,
595 3569 632 3628 ut
659 3565 742 3628 nihil
770 3566 871 3648 aliud,
905 3571 989 3630 certe
1013 3567 1217 3649 brevitatem,
1255 3568 1400 3651 Fhaedri,

261 3676 299 3740 de
330 3698 394 3759 quo
424 3681 625 3761 potissimum
653 3683 773 3765 agitur,
802 3683 886 3747 haud
916 3685 1100 3748 dissimilem
1130 3685 1332 3767 approbabis

778 3800 874 3864 Vale!

463 3979 543 4045 Dab.
573 3982 778 4076 Petropoli

345 4097 417 4162 Kal.
440 4098 541 4162 Iuniis
564 4123 591 4164 a.
615 4099 910 4174 MDOOOLXXJV.
