3354 5204
725 245 909 306 ..7-

245 401 428 483 inferiores,
456 417 561 480 neque
583 399 691 461 tamen
713 395 953 479 improbandae.
998 397 1135 461 Restant
1156 389 1312 480 quaedam
1334 399 1390 462 aut

245 503 421 566 obscaenae
454 501 511 562 aut
543 499 690 563 inficetas
697 547 706 580 ,
738 518 820 580 quae
853 496 946 561 facile
979 501 1134 580 poterunt
1162 498 1283 581 omitti,
1317 520 1389 563 cum

246 602 422 668 carminum
459 600 593 684 cognitu
628 598 800 683 dignorum
833 597 911 662 satis
942 599 1066 682 amplus
1099 602 1202 664 exstet
1227 621 1388 668 numerus.

246 703 395 770 Ceterum
414 702 558 767 feliciore
575 722 671 783 quarn
686 700 764 764 alibi
778 721 862 764 vena
882 700 1009 783 poetica
1030 700 1065 763 in
1087 700 1191 786 primo
1214 700 1296 765 libro
1320 701 1390 786 (qui

247 807 343 870 etiam
368 805 525 868 brevitate
553 802 610 866 illa
638 824 734 885 quam
758 802 854 866 toties
881 801 980 866 iactat
1003 805 1098 886 poeta
1121 803 1223 887 magis
1246 805 1295 866 est
1316 824 1389 867 con·

247 909 376 990 epicuus
398 927 494 988 quam
517 905 630 989 ceteri)
654 925 746 967 usum
769 925 837 968 esse
859 903 1040 968 Phaedrum
1063 908 1205 987 apparet.

330 1005 519 1090 Promythia
540 1005 607 1070 sive
631 1003 807 1089 epimythia
827 1005 1009 1070 fabularum
1032 1003 1170 1070 Phaedri
1192 1005 1389 1089 suspiciones
1505 1011 1510 1026 '

246 1108 427 1174 excitarunt
449 1107 631 1171 criticorum
655 1104 741 1170 haud
771 1107 866 1170 leves.
911 1105 954 1170 'aa
974 1105 1142 1170 fatendum
1164 1127 1230 1170 non
1253 1107 1390 1172 multum

246 1210 313 1276 eius
336 1209 514 1275 carminum
536 1208 623 1272 laudi
646 1207 857 1291 decessurum,
880 1208 1020 1291 plurima
1034 1208 1086 1272 vel
1101 1208 1208 1273 omnia
1223 1210 1252 1274 si
1274 1207 1389 1273 tollan-

245 1317 307 1376 tur.
353 1312 475 1375 Tamen
497 1310 532 1374 in
555 1309 695 1373 dictione
718 1314 773 1373 aut
794 1313 897 1374 metro
919 1309 1119 1394 paucissimis
1142 1310 1283 1394 exceptis
1304 1310 1388 1375 nihil

247 1418 304 1492 est,
328 1412 413 1496 quod
435 1410 617 1476 Phaedrum
640 1414 803 1476 auctorem
825 1411 978 1495 abneget3
1008 1414 1040 1476 et
1061 1414 1098 1475 ut
1119 1411 1203 1476 sicca
1225 1433 1388 1496 persaepe,

245 1515 291 1578 ita
311 1535 384 1579 raro
407 1512 579 1580 admodum
601 1516 676 1577 sunt
698 1513 816 1596 inepta.
854 1512 958 1598 Igitur
980 1512 1168 1596 plerumque
1191 1512 1331 1578 adducor
1352 1517 1390 1578 ut
1435 1537 1437 1540 ·
1511 1583 1513 1588 ,

156 1627 160 1634 ’
194 1613 196 1620 ’
245 1614 371 1680 credam
388 1636 455 1678 esse
471 1636 508 1678 ea
522 1617 650 1697 praeter
671 1613 808 1697 paucula
821 1614 921 1696 ipsius
937 1612 1084 1692 Phaedri,
1108 1614 1160 1678 cui
1181 1636 1238 1678 eur
1259 1613 1389 1679 adderet

246 1717 408 1800 duplicem
431 1715 579 1780 existimo
602 1714 700 1778 fuisse
728 1737 871 1794 eausam,
900 1715 1040 1798 primum
1067 1714 1186 1780 iudicia
1207 1716 1388 1799 aequalium

245 1818 430 1882 criticorum
458 1817 497 1881 de
526 1816 704 1880 rationibus
732 1817 976 1900 logi'Aesopei,
1007 1814 1119 1880 deinde
1141 1817 1271 1882 Horatii
1299 1813 1387 1901 prae-

245 1923 386 2002 ceptum,
419 1939 482 2001 quc
509 1917 661 1982 asseritur
684 1939 778 1983 omne
800 1917 912 1982 tulisse
935 1921 1091 2001 punctum
1114 1939 1202 2002 eum,
1231 1919 1286 2002 qui
1309 1919 1387 1983 utile

245 2021 330 2084 dulci
344 2020 502 2083 misceret.
536 2017 677 2083 Omnino
693 2019 771 2084 artis
792 2020 937 2103 poeticae
953 2018 1058 2084 Flacci
1079 2019 1199 2103 placita
1220 2020 1387 2103 aliquanto

244 2122 347 2206 magis
380 2143 476 2204 quam
509 2119 649 2185 creditur
680 2119 777 2204 vulgo
811 2120 901 2184 fuere
934 2120 1102 2186 observata
1133 2121 1231 2205 primi
1257 2143 1288 2205 p.
1313 2121 1387 2187 Ohr.

245 2223 362 2287 saeculi
383 2222 489 2305 poetis
512 2222 645 2287 Latinis.

328 2321 416 2388 Haec
437 2322 509 2387 ideo
531 2323 677 2406 pluribus
707 2322 895 2407 exponenda
923 2324 1048 2407 censui,
1077 2324 1154 2408 quia
1181 2327 1218 2387 ut
1246 2323 1324 2388 olim
1352 2325 1387 2389 in

244 2425 467 2507 admiratione,
491 2424 536 2488 ita
558 2424 653 2490 hodie
676 2425 711 2488 in
733 2428 920 2509 contemptu
942 2424 1038 2488 huius
1059 2429 1172 2508 potitae
1195 2425 1289 2490 multi
1311 2428 1388 2490 sunt

244 2527 352 2609 nimii,
387 2526 421 2591 id
453 2525 539 2609 quod
565 2526 601 2591 in
633 2513 794 2610 plerisque
821 2527 1005 2592 auctoribus
1037 2526 1146 2591 latinis
1179 2526 1386 2592 aestimandis

245 2628 360 2692 evenit.

328 2727 469 2793 Phaedri
501 2728 682 2793 fabularum
714 2727 812 2793 fuisse
843 2729 985 2813 quinque
1018 2731 1134 2815 libros,
1166 2751 1234 2796 non
1267 2731 1384 2815 plures,

244 2829 378 2910 Ariani,
406 2829 462 2913 qui
489 2830 631 2915 elegiaco
659 2833 761 2894 metro
785 2829 882 2894 etiarn
904 2831 1095 2916 conscripsit
1116 2832 1242 2896 fabulas
1267 2831 1385 2896 latinas

244 2931 395 2996 docemur
419 2931 595 3014 prooemio.
638 2930 753 3015 Neque
782 2931 950 3015 quisquam
978 2933 1059 2998 alius
1088 2937 1232 2998 veterum
1260 2937 1386 3017 praeter

244 3031 425 3097 Martialem
453 3033 567 3117 (epigr.
589 3032 653 3116 III,
674 3033 730 3116 20,
753 3033 788 3115 5)
820 3033 888 3098 eius
916 3035 1071 3098 meminit.
1117 3035 1163 3098 Aa
1189 3034 1286 3099 medii
1314 3035 1386 3100 aevi

244 3134 407 3198 communi
439 3155 500 3198 usu
532 3155 600 3198 non
628 3134 716 3217 ipsae
744 3134 871 3199 fabulae
899 3134 1052 3218 Phaedri,
1088 3135 1142 3200 sed
1174 3135 1385 3221 paraphrases

244 3235 384 3318 pedestri
412 3256 558 3299 sermone
586 3256 624 3298 ex
651 3234 796 3318 pleniore
824 3257 932 3300 earum
962 3235 1070 3301 codice
1098 3236 1210 3300 ductae
1238 3236 1386 3302 solebant

244 3337 315 3420 teri,
338 3335 376 3399 de
399 3337 514 3418 quibus
535 3340 647 3419 postea
669 3358 741 3400 cum
764 3358 839 3402 cura
861 3337 992 3402 dicetur.

326 3436 412 3502 Nam
433 3459 616 3503 nonomen
638 3438 767 3522 quidem
783 3439 905 3504 eiusab
921 3438 1040 3503 Aviani
1062 3438 1136 3504 inde
1159 3441 1262 3504 aetate
1284 3460 1384 3522 usque
1446 3504 1451 3518 ,

246 3538 286 3601 ad
307 3538 432 3603 Perotti
454 3561 605 3622 umquam
626 3544 831 3605 memoratur.

328 3637 481 3704 Similiter
505 3640 634 3707 Graecis
657 3644 769 3709 aetatis
792 3643 933 3707 eiusdem
953 3663 1022 3707 non
1047 3645 1114 3706 tam
1141 3642 1240 3726 ipsius
1263 3641 1383 3727 Babrii,

243 3743 358 3823 politae
381 3739 583 3825 lepidissimi,
610 3742 734 3808 fabulas
757 3745 811 3808 sed
833 3766 942 3809 earum
965 3743 1070 3808 varias
1092 3743 1251 3809 variorum
1277 3747 1384 3809 auoto-

243 3864 316 3906 rum
338 3842 549 3926 paraphrases
571 3865 638 3907 esse
660 3845 818 3910 lectitatas
841 3846 917 3911 satis
938 3849 1061 3911 notum.

327 3945 374 4008 At
400 3944 528 4008 saeculo
550 3942 614 4008 XV
635 3943 740 4010 medio
767 3946 834 4010 fere
856 3945 1009 4012 Nicolaus
1030 3945 1181 4012 Perottus
1208 3968 1247 4010 ex
1275 3945 1383 4012 codiee

246 4045 384 4129 quodam
405 4045 519 4110 Italico
541 4038 676 4130 triginta
698 4046 776 4111 duas
798 4049 956 4129 excerpsit
976 4047 1102 4113 fabulas
1124 4046 1277 4130 Phaedri,
1301 4069 1383 4130 quae

244 4146 342 4212 etiam
374 4147 409 4211 in
441 4146 531 4211 libris
559 4146 691 4212 Gallicis
717 4150 858 4213 auctoris
885 4148 993 4213 huius·
1007 4149 1169 4234 leguntur.
1214 4148 1382 4213 Praeterea

240 4247 329 4314 idem
351 4247 487 4332 triginta
508 4271 606 4314 unam
627 4249 679 4313 vel
700 4250 808 4333 potius
835 4250 971 4335 triginta
1000 4249 1126 4314 fabulas
1152 4253 1185 4314 et
1207 4249 1380 4334 epilogum,

244 4350 353 4417 omnia
368 4351 501 4415 senariis
516 4352 693 4437 perscripta
714 4351 859 4418 iambicis
880 4351 1048 4438 prompsit,
1071 4373 1153 4436 quae
1174 4373 1242 4418 non
1263 4351 1382 4420 haben·
