3354 5204
661 320 870 416 ...ml-

745 523 787 587 Π.

609 611 612 618 ¹
630 644 760 699 Asellus
779 647 813 697 st
830 645 899 697 bos.

397 766 509 819 Asellus
527 766 557 819 et
573 765 624 818 bos
641 780 697 817 uno
716 763 814 818 sociati
830 764 898 832 iugo

397 849 557 904 Plaustrum
574 848 732 918 trahebant.
767 846 823 902 Bos
841 847 909 900 dum
926 848 1020 902 tondit
1039 839 1171 916 validius,

398 933 491 988 Cornu
509 932 654 1001 confregit.
689 932 791 986 Asinus
808 932 942 986 immotus
953 919 1038 1002 'gravi

398 1015 540 1072 Consortis
556 1033 623 1071 casu
641 1017 767 1085 praestat
784 1016 825 1069 nil
840 1015 999 1072 levaminis.

398 1101 549 1157 Confectus
567 1117 652 1154 onere
670 1101 757 1155 nimio
777 1102 826 1155 bos
843 1104 875 1154 ut
892 1102 1006 1166 corruit,

398 1186 484 1242 Asino
502 1184 639 1239 bubulcus
657 1201 776 1239 samemv
788 1184 910 1254 imponit
927 1184 1039 1242 mortui.

398 1271 513 1324 Auritus
531 1269 623 1339 plagis
641 1268 718 1323 mille
736 1268 842 1324 fractus
861 1269 964 1334 deficit,

398 1355 435 1410 Et
453 1353 607 1422 exspiravit
624 1353 719 1407 media
736 1353 875 1423 collapsus
892 1353 947 1408 via.

399 1440 470 1493 Tum
489 1437 617 1492 volucres
635 1436 817 1492 advenientes
835 1437 870 1492 ad
888 1438 1023 1507 praedam
1041 1453 1157 1492 novam:

398 1523 427 1577 si
444 1523 473 1577 te
491 1521 619 1592 precanti
637 1521 736 1576 mitem
755 1521 928 1577 exhibuisses
946 1523 1021 1589 bovi,

396 1608 462 1662 Non
479 1606 630 1660 immaturo
648 1622 698 1660 nos
716 1605 833 1660 interitu
851 1622 989 1676 pasceres.

735 1757 794 1823 ΙΠ.

611 1881 716 1932 culex
734 1882 768 1932 et
785 1883 911 1932 taurus.

399 2000 487 2056 Culex
505 2016 570 2052 cum
586 1999 699 2052 taurum
716 2000 896 2068 provocasset
913 1999 1026 2066 viribus,

400 2085 511 2139 Venere
528 2081 628 2152 populi
646 2082 748 2151 cuncti,
767 2085 798 2136 ut
815 2099 940 2152 pugnam
958 2085 1113 2140 cernerent.

398 2169 476 2223 Tunc
493 2168 555 2222 ille:
575 2167 644 2222 satis
662 2167 712 2234 est,
732 2167 808 2234 quod
826 2168 929 2222 venisti
947 2169 1116 2233 comminus;
1204 2204 1208 2210 -

397 2251 523 2307 Partibi
541 2269 603 2306 sum
621 2252 711 2306 factus
728 2267 831 2320 nempe
849 2251 953 2307 iudicio
971 2255 1031 2308 tuo.

397 2327 470 2392 Hinc
488 2353 516 2390 se
535 2353 586 2406 per
604 2351 687 2407 auras
704 2335 819 2391 sustulit
836 2336 923 2406 pinna
940 2337 1007 2403 levi,

397 2422 531 2490 Lusitque
550 2419 664 2474 turbam
682 2421 712 2474 et
728 2419 803 2473 tauri
821 2420 951 2475 destituit
968 2421 1066 2474 minas.

399 2507 452 2572 Qui
472 2507 495 2560 si
512 2505 612 2560 fuisset
629 2503 740 2558 validae
759 2504 876 2561 cervicis
894 2520 1010 2572 memor,

397 2590 565 2644 Pudendnm
583 2587 797 2658 contempsisset
814 2588 1014 2656 adversarium,

398 2675 459 2728 Nec
477 2674 576 2742 inepta
592 2689 621 2726 se
639 2673 772 2727 iactasset
789 2671 930 2742 gloriatio.

400 2758 459 2812 Sibi
475 2757 537 2827 ipse
555 2756 704 2823 obtrectat,
721 2757 770 2825 qui
788 2772 816 2809 se
834 2757 958 2826 indignis
976 2758 1130 2825 comparat.

282 2896 405 2960 Harum
428 2894 609 2959 fabularum
631 2891 717 2976 apud
738 2891 926 2975 Romulum,
956 2893 1011 2976 qui
1038 2894 1175 2978 primam
1198 2893 1336 2976 exhibet,

198 3003 230 3064 ct
245 3019 441 3082 anonymum
457 2994 605 3079 Nilantii,
628 2994 683 3078 qui
699 2995 870 3060 secundam
885 2999 918 3058 et
935 2994 1073 3080 tertiam,
1096 2995 1335 3079 descriptiones,

196 3100 250 3165 hic
273 3099 338 3164 illic
360 3121 380 3161 a
403 3119 453 3162 me
475 3099 646 3181 correctae,
673 3096 883 3161 inveniuntur
905 3096 979 3161 hae:

750 3265 776 3328 Ι.

282 3401 432 3467 Gladium
447 3401 561 3486 viator,
584 3400 659 3465 dum
675 3400 868 3483 ambulabat,
891 3401 1047 3467 iacentem
1070 3400 1195 3466 invenit
1216 3400 1251 3464 in
1273 3401 1334 3465 ria.

197 3507 298 3581 tlucm
321 3502 547 3588 interrogavit:
577 3502 648 3586 quis
675 3506 707 3566 te
729 3500 891 3586 perdidit?
923 3501 973 3566 cui
1001 3505 1113 3566 contra
1141 3501 1256 3566 telum:
1285 3524 1335 3565 me

198 3605 325 3690 quidem
348 3627 440 3688 unus,
464 3625 523 3689 ego
546 3625 621 3668 vero
638 3604 764 3668 multos.
781 3643 821 3652 -
842 3602 932 3668 Haec
954 3602 1064 3668 fabula
1085 3607 1195 3669 narrat
1217 3603 1335 3668 malum

196 3729 290 3792 posse
312 3706 432 3790 perire,
456 3705 608 3770 sedante
631 3706 740 3770 multis
761 3726 878 3770 nocere
900 3727 1004 3789 posse.

744 3873 786 3942 Π.

280 4011 408 4076 Asellus
436 4013 468 4075 et
496 4012 553 4075 bos
583 4032 647 4075 uno
675 4010 788 4074 sociati
821 4010 898 4096 iugo
932 4009 1112 4074 trahebant.
1157 4010 1230 4093 bos,
1260 4009 1334 4072 dum

196 4117 330 4178 conatur
351 4113 459 4196 paullo
482 4111 619 4177 validius
640 4111 822 4195 intendere,
851 4111 950 4196 fregit
971 4133 1081 4176 cornu.
1126 4110 1244 4175 asellus
1266 4110 1334 4192 ipse

195 4216 335 4301 negabat
367 4215 468 4278 ullum
501 4214 648 4277 levamen
680 4213 803 4277 afferre.
854 4212 940 4277 solus
968 4215 1109 4276 attamen
1144 4211 1200 4276 bos
1233 4219 1333 4276 corriu

196 4320 313 4400 iulcpro
335 4317 437 4382 uitem
459 4315 579 4380 corruit
606 4317 639 4379 et
666 4313 835 4378 confestim
857 4317 1002 4379 mortuus
1025 4315 1083 4376 est.
1127 4313 1254 4377 asinum
1275 4314 1332 4377 bu-

196 4415 306 4480 bulcus
328 4439 422 4482 carne
446 4417 536 4483 bovis
551 4421 731 4502 exaggerat.
769 4417 824 4499 qui
840 4415 955 4480 multas
978 4415 1063 4478 inter
1083 4414 1194 4501 plagas
1217 4417 1329 4502 ruptus
