3354 5204
284 1389 479 1453 Graecorum
509 1411 545 1453 ac
573 1389 763 1453 Latinorum
791 1391 958 1453 auctorum
992 1408 1031 1450 ex
1059 1385 1149 1450 libris
1177 1406 1249 1449 cum
1277 1385 1342 1449 iam

198 1490 380 1572 peripsam
404 1490 630 1573 antiquitatem
660 1490 819 1572 perissent
846 1487 975 1572 quidam
1001 1487 1133 1550 minime
1160 1487 1341 1570 spernendi,

199 1591 316 1672 partim
339 1590 537 1654 abundantia
559 1592 718 1654 bonorum
741 1591 944 1672 scriptorum,
966 1589 1084 1670 partim
1099 1588 1224 1651 incuria
1240 1588 1343 1652 homi·

199 1713 285 1769 num,
310 1713 391 1774 quae
407 1713 445 1754 eo
467 1691 669 1773 frequentior
684 1695 717 1755 et
731 1691 860 1776 gravior
881 1689 953 1771 fuit,
966 1711 1040 1771 ·quo
1063 1690 1165 1774 magis
1181 1712 1200 1752 a
1214 1689 1341 1752 saeculo

197 1791 271 1855 inde
294 1792 396 1855 tertio
414 1797 489 1875 post
504 1792 666 1857 Christum
688 1793 813 1874 imperii
829 1789 968 1855 Romani
988 1790 1075 1854 cives
1090 1812 1109 1853 a
1123 1790 1236 1874 priscis
1258 1789 1342 1854 litte-

198 1915 306 1956 rarum
328 1884 514 1977 artiumque
532 1895 689 1958 bonarum
712 1893 825 1957 studiis
849 1893 1092 1976 degenerarunt,
1115 1892 1192 1955 satis
1215 1895 1342 1955 constat

199 1995 301 2057 multo
324 1994 455 2078 gravius
477 1995 598 2059 factum
621 1994 783 2072 damnum,
806 1999 976 2077 postquam
999 2014 1056 2076 per
1078 1992 1246 2056 continuas
1268 1993 1341 2055 bar·

198 2095 347 2160 banorum
373 2095 573 2159 incursiones
602 2116 711 2162 everso
740 2095 875 2176 imperio
898 2093 1118 2158 Romanorum
1141 2092 1340 2174 occidentali,

197 2217 351 2261 concusso
374 2198 561 2281 gravissime
585 2196 733 2260 orientali
755 2196 854 2280 longa
879 2195 934 2258 illa
957 2196 1064 2278 eoepit
1085 2198 1172 2258 aetas
1194 2194 1341 2258 humani·

197 2297 273 2361 tatis
300 2298 413 2362 studiis
436 2319 549 2380 parum
571 2295 700 2360 hercule
728 2318 845 2379 aequa,
876 2318 972 2378 quam
998 2295 1094 2360 medii
1117 2295 1187 2359 aevi
1209 2295 1340 2358 nomine

198 2399 296 2482 vulgo
329 2401 468 2463 solemus
506 2398 695 2482 significare.
739 2397 802 2460 Per
833 2419 903 2460 eam
933 2401 1013 2480 quot
1045 2396 1153 2459 eximii
1186 2395 1342 2478 perierint

198 2499 288 2580 libri,
315 2522 382 2565 non
410 2505 459 2564 est
484 2500 580 2563 huius
607 2499 670 2563 loci
693 2497 872 2563 accuratius
894 2499 1128 2578 demonstrare,
1156 2517 1229 2559 oum
1252 2518 1340 2579 prae-

200 2601 308 2664 sertim
332 2601 369 2664 de
392 2623 427 2664 re
450 2602 519 2684 ipsa
542 2604 667 2664 constet
688 2600 774 2663 inter
796 2620 917 2663 omnes.

284 2701 327 2765 Et
348 2703 478 2786 gravior
500 2700 628 2784 quidem
651 2701 816 2784 aliquanto
839 2700 1012 2764 latinarum
1035 2721 1131 2783 quam
1153 2721 1340 2784 graecarum

197 2803 374 2872 litterarum
396 2803 460 2867 fuit
481 2803 613 2866 iactura.
648 2801 785 2870 Perinde
807 2805 915 2865 tamen
938 2806 1091 2884 utraeque
1113 2821 1179 2865 uno
1202 2801 1339 2883 quodam

197 2904 402 2969 incommodo
426 2904 661 2986 conflictantur,
684 2902 722 2966 de
745 2923 808 2985 quo
832 2901 940 2966 statim
963 2901 1106 2966 dicturus
1128 2923 1209 2965 sum.

281 3005 406 3089 Nempe
433 3007 467 3071 in
496 3007 574 3070 satis
601 3025 719 3088 magno
744 3004 940 3067 Graecorum
958 3004 1000 3067 ¹et
1027 3004 1192 3086 aliquanto
1215 3005 1339 3068 minore

198 3106 387 3171 Latinorum
415 3129 548 3171 numero
576 3107 747 3187 librorum,
780 3105 835 3187 qui
861 3104 983 3186 pariter
1010 3126 1118 3168 rerum
1141 3105 1285 3169 ubertate
1307 3111 1340 3169 et

197 3210 355 3292 gravitate
390 3209 575 3291 formaeque
613 3228 689 3270 eura
721 3227 758 3268 ac
789 3206 895 3268 nitore
928 3206 994 3268 sint
1030 3205 1210 3287 conspicui,
1244 3207 1338 3288 pauci

197 3309 368 3373 admodum
410 3309 619 3374 inveniuntur
656 3306 896 3392 gymnasiorum
934 3307 1044 3370 usibus
1088 3306 1220 3370 omnino
1258 3307 1336 3389 apti.

196 3411 326 3475 Etenim
371 3433 443 3476 cum
486 3409 752 3493 prudentissimus
802 3409 936 3491 quisque
980 3407 1058 3471 artis
1101 3406 1368 3491 paedagogicae‘

170 3513 317 3575 ‘arbiter
344 3534 381 3576 ea
409 3513 545 3576 maxime
573 3515 692 3575 statuat
719 3511 754 3573 in
782 3509 900 3574 scholis
928 3530 995 3572 esse
1023 3508 1190 3572 tractanda
1218 3509 1336 3591 pueris,

198 3631 279 3692 quae
301 3614 420 3692 pariter
442 3618 474 3676 et
495 3613 573 3675 viris
595 3611 712 3676 futuris
734 3611 861 3693 prosint
875 3615 908 3674 et
921 3614 1050 3674 tenerae
1072 3611 1215 3692 ipsorum
1239 3611 1336 3673 aetati

197 3707 405 3788 conveniant,
435 3733 515 3793 quae
543 3711 672 3793 quidem
694 3735 743 3775 res
766 3713 898 3776 minime
920 3710 1006 3796 fugit
1027 3697 1164 3792 cataroe,
1192 3712 1224 3774 id
1251 3711 1337 3794 quod

198 3816 330 3894 apparet
352 3831 423 3874 oum
446 3811 574 3874 aliunde
591 3815 661 3874 tum
676 3834 714 3875 ex
730 3813 921 3886 Quintiliani
942 3813 1155 3877 institutionis
1178 3795 1354 3878 oratoriae

197 3911 287 3975 libris
309 3911 352 3995 (l,
378 3914 408 3989 l,
424 3911 562 3994 35sqq.;
585 3911 627 3974 ib.
651 3911 685 3991 8,
703 3914 819 3995 5sqq.;
844 3912 891 3993 II,
915 3914 1114 3996 5,18sqq.),
1137 3918 1245 3977 tamen
1266 3935 1336 3996 per·

197 4013 290 4096 pauci
327 4012 474 4076 videntur
513 4012 670 4076 exstitisse
707 4011 791 4094 apud
825 4011 964 4076 Graecos
1000 4019 1033 4078 et
1070 4013 1232 4078 Romanos
1272 4015 1335 4097 pri-

197 4136 266 4178 scos
274 4163 283 4195 ,
312 4113 366 4196 qui
394 4113 552 4178 scholieae
579 4113 727 4178 lectionis
754 4113 902 4196 proprios
930 4114 964 4177 in
991 4136 1067 4177 usus
1094 4120 1150 4178 aut
1176 4117 1238 4198 ipsi
1261 4136 1335 4178 eon·

196 4216 372 4279 scriberent
392 4215 491 4278 libros
510 4220 566 4279 aut
588 4216 627 4278 ab
649 4215 720 4278 aliis
742 4215 940 4296 conscriptos
955 4219 1117 4278 mutarent
1139 4215 1242 4296 (cuius
1259 4222 1336 4280 sunt
1411 4237 1414 4242 ·

197 4317 323 4400 generis
344 4317 520 4380 nonnullae
548 4317 690 4401 syllegae
718 4317 949 4380 sententiarum
976 4316 1146 4379 moralium
1169 4338 1207 4378 ex
1229 4319 1334 4399 potitis

150 4491 153 4496 Ι
199 4418 398 4499 potissimum
421 4418 549 4500 petitae,
572 4422 608 4481 ut
629 4417 832 4482 monosticha
853 4415 1021 4480 Menandri
1045 4416 1095 4480 vel
1117 4416 1213 4499 Syri).
1250 4407 1333 4481 Nam

248 4528 272 4568 li.
288 4527 420 4578 llluollor,
441 4529 583 4567 perhenni
599 4533 619 4567 m
639 4528 828 4568 Arianisabulis.
1119 4526 1129 4572 l
